<?xml version="1.0" encoding="UTF-8"?>
<!DOCTYPE html PUBLIC "-//W3C//DTD XHTML 1.0 Transitional//EN"
    "http://www.w3.org/TR/xhtml1/DTD/xhtml1-transitional.dtd">
<html xmlns="http://www.w3.org/1999/xhtml" xml:lang="en" lang="en">
 <head>
  <title>
</title>
<meta http-equiv="Content-Type" content="text/html;charset=utf-8" />
  <meta name='ocr-system' content='tesseract 3.04.00' />
  <meta name='ocr-capabilities' content='ocr_page ocr_carea ocr_par ocr_line ocrx_word'/>
</head>
<body>
  <div class='ocr_page' id='page_1' title='image "4777340_0024.png"; bbox 0 0 3367 4092; ppageno 0'>
   <div class='ocr_carea' id='block_1_1' title="bbox 230 42 302 164">
    <p class='ocr_par' dir='ltr' id='par_1_1' title="bbox 230 42 307 164">
     <span class='ocr_line' id='line_1_1' title="bbox 230 42 302 164; baseline 0.026 -2"><span class='ocrx_word' id='word_1_1' title='bbox 230 42 302 164; x_wconf 54' lang='lat' dir='ltr'><strong>a</strong></span> 
     </span>
    </p>
   </div>
   <div class='ocr_carea' id='block_1_2' title="bbox 213 247 1632 452">
    <p class='ocr_par' dir='ltr' id='par_1_2' title="bbox 213 247 1632 452">
     <span class='ocr_line' id='line_1_2' title="bbox 227 247 1631 315; baseline 0.001 -19"><span class='ocrx_word' id='word_1_2' title='bbox 227 252 437 313; x_wconf 55' lang='lat' dir='ltr'><strong>nowen,</strong></span> <span class='ocrx_word' id='word_1_3' title='bbox 466 260 614 312; x_wconf 57' lang='grc' dir='ltr'><strong>«ιιι</strong></span> <span class='ocrx_word' id='word_1_4' title='bbox 639 247 737 310; x_wconf 70' lang='lat' dir='ltr'><strong>j·-</strong></span> <span class='ocrx_word' id='word_1_5' title='bbox 781 249 990 315; x_wconf 67' lang='lat' dir='ltr'><strong>opfl-a-</strong></span> <span class='ocrx_word' id='word_1_6' title='bbox 1029 261 1141 298; x_wconf 70' lang='lat' dir='ltr'><strong>eane</strong></span> <span class='ocrx_word' id='word_1_7' title='bbox 1184 250 1517 313; x_wconf 68' lang='lat' dir='ltr'><strong>eognovimus,</strong></span> <span class='ocrx_word' id='word_1_8' title='bbox 1542 264 1631 297; x_wconf 89' lang='lat' dir='ltr'><strong>non</strong></span> 
     </span>
     <span class='ocr_line' id='line_1_3' title="bbox 229 314 1631 387; baseline 0.001 -22"><span class='ocrx_word' id='word_1_9' title='bbox 229 318 499 382; x_wconf 65' lang='lat' dir='ltr'><strong>ege-tatem,</strong></span> <span class='ocrx_word' id='word_1_10' title='bbox 516 331 633 379; x_wconf 76' lang='lat' dir='ltr'><strong>qnae</strong></span> <span class='ocrx_word' id='word_1_11' title='bbox 661 316 934 384; x_wconf 66' lang='lat' dir='ltr'><strong>caephal-e</strong></span> <span class='ocrx_word' id='word_1_12' title='bbox 962 323 1148 382; x_wconf 66' lang='lat' dir='ltr'><strong>maxi-i.</strong></span> <span class='ocrx_word' id='word_1_13' title='bbox 1169 314 1274 387; x_wconf 65' lang='lat' dir='ltr'><strong>boni</strong></span> <span class='ocrx_word' id='word_1_14' title='bbox 1303 320 1446 368; x_wconf 66' lang='lat' dir='ltr'><strong>eausa</strong></span> <span class='ocrx_word' id='word_1_15' title='bbox 1474 334 1503 368; x_wconf 86' lang='lat' dir='ltr'><strong>a</strong></span> <span class='ocrx_word' id='word_1_16' title='bbox 1531 321 1631 367; x_wconf 77' lang='lat' dir='ltr'><strong>Diis</strong></span> 
     </span>
     <span class='ocr_line' id='line_1_4' title="bbox 213 377 1632 452; baseline 0 -17"><span class='ocrx_word' id='word_1_17' title='bbox 213 389 549 435; x_wconf 69' lang='lat' dir='ltr'><strong>iun-ortalibus</strong></span> <span class='ocrx_word' id='word_1_18' title='bbox 577 390 826 449; x_wconf 84' lang='lat' dir='ltr'><strong>tribuatur,</strong></span> <span class='ocrx_word' id='word_1_19' title='bbox 870 402 962 436; x_wconf 84' lang='lat' dir='ltr'><strong>non</strong></span> <span class='ocrx_word' id='word_1_20' title='bbox 1001 377 1221 452; x_wconf 73' lang='lat' dir='ltr'><strong>exilium,</strong></span> <span class='ocrx_word' id='word_1_21' title='bbox 1237 403 1338 436; x_wconf 74' lang='lat' dir='ltr'><strong>cu-</strong></span> <span class='ocrx_word' id='word_1_22' title='bbox 1377 391 1502 437; x_wconf 84' lang='lat' dir='ltr'><strong>orbis</strong></span> <span class='ocrx_word' id='word_1_23' title='bbox 1531 393 1632 436; x_wconf 86' lang='lat' dir='ltr'><strong>ter-</strong></span> 
     </span>
    </p>
   </div>
   <div class='ocr_carea' id='block_1_3' title="bbox 179 450 1674 524">
    <p class='ocr_par' dir='ltr' id='par_1_3' title="bbox 179 450 1674 524">
     <span class='ocr_line' id='line_1_5' title="bbox 179 450 1674 524; baseline -0.001 -16"><span class='ocrx_word' id='word_1_24' title='bbox 179 504 184 511; x_wconf 70' lang='lat'><em>„</em></span> <span class='ocrx_word' id='word_1_25' title='bbox 227 469 378 508; x_wconf 72' lang='lat' dir='ltr'><strong>rarum</strong></span> <span class='ocrx_word' id='word_1_26' title='bbox 393 450 611 505; x_wconf 73' lang='lat' dir='ltr'><strong>omnibus</strong></span> <span class='ocrx_word' id='word_1_27' title='bbox 637 460 827 519; x_wconf 78' lang='lat' dir='ltr'><strong>pateat,</strong></span> <span class='ocrx_word' id='word_1_28' title='bbox 851 474 941 506; x_wconf 90' lang='lat' dir='ltr'><strong>non</strong></span> <span class='ocrx_word' id='word_1_29' title='bbox 971 463 1155 507; x_wconf 83' lang='lat' dir='ltr'><strong>caetera</strong></span> <span class='ocrx_word' id='word_1_30' title='bbox 1181 455 1368 524; x_wconf 62' lang='lat' dir='ltr'><strong>generis</strong></span> <span class='ocrx_word' id='word_1_31' title='bbox 1407 460 1633 520; x_wconf 78' lang='lat' dir='ltr'><strong>ejusden,</strong></span> <span class='ocrx_word' id='word_1_32' title='bbox 1666 467 1674 475; x_wconf 76' lang='grc'><em>“</em></span> 
     </span>
    </p>
   </div>
   <div class='ocr_carea' id='block_1_4' title="bbox 192 508 1635 2967">
    <p class='ocr_par' dir='ltr' id='par_1_4' title="bbox 192 508 1635 2967">
     <span class='ocr_line' id='line_1_6' title="bbox 229 508 1635 590; baseline 0 -15"><span class='ocrx_word' id='word_1_33' title='bbox 229 542 345 590; x_wconf 85' lang='lat' dir='ltr'><strong>quae</strong></span> <span class='ocrx_word' id='word_1_34' title='bbox 373 530 501 588; x_wconf 81' lang='lat' dir='ltr'><strong>vulgi</strong></span> <span class='ocrx_word' id='word_1_35' title='bbox 530 520 739 588; x_wconf 84' lang='lat' dir='ltr'><strong>opinione</strong></span> <span class='ocrx_word' id='word_1_36' title='bbox 768 531 1056 589; x_wconf 76' lang='lat' dir='ltr'><strong>gravissimis</strong></span> <span class='ocrx_word' id='word_1_37' title='bbox 1085 531 1131 574; x_wconf 80' lang='lat' dir='ltr'><strong>in</strong></span> <span class='ocrx_word' id='word_1_38' title='bbox 1160 508 1290 575; x_wconf 63' lang='lat' dir='ltr'><strong>-a&#39;li&#39;s</strong></span> <span class='ocrx_word' id='word_1_39' title='bbox 1319 533 1635 587; x_wconf 56' lang='lat' dir='ltr'><strong>nume-rantum</strong></span> 
     </span>
     <span class='ocr_line' id='line_1_7' title="bbox 229 596 1634 660; baseline -0.002 -12"><span class='ocrx_word' id='word_1_40' title='bbox 229 596 420 648; x_wconf 57' lang='lat' dir='ltr'><strong>unum</strong></span> <span class='ocrx_word' id='word_1_41' title='bbox 472 601 601 647; x_wconf 69' lang='lat' dir='ltr'><strong>enim</strong></span> <span class='ocrx_word' id='word_1_42' title='bbox 645 602 747 645; x_wconf 75' lang='lat' dir='ltr'><strong>tam</strong></span> <span class='ocrx_word' id='word_1_43' title='bbox 789 613 938 660; x_wconf 68' lang='lat' dir='ltr'><strong>moe</strong></span> <span class='ocrx_word' id='word_1_44' title='bbox 976 599 1155 645; x_wconf 70' lang='lat' dir='ltr'><strong>malum</strong></span> <span class='ocrx_word' id='word_1_45' title='bbox 1197 599 1476 660; x_wconf 61' lang='lat' dir='ltr'><strong>apparebit}</strong></span> <span class='ocrx_word' id='word_1_46' title='bbox 1514 601 1634 660; x_wconf 69' lang='lat' dir='ltr'><strong>quin</strong></span> 
     </span>
     <span class='ocr_line' id='line_1_8' title="bbox 228 668 1633 731; baseline -0.001 -15"><span class='ocrx_word' id='word_1_47' title='bbox 228 683 293 716; x_wconf 73' lang='grc' dir='ltr'><strong>αι·</strong></span> <span class='ocrx_word' id='word_1_48' title='bbox 320 684 375 717; x_wconf 83' lang='lat' dir='ltr'><strong>eo</strong></span> <span class='ocrx_word' id='word_1_49' title='bbox 403 669 577 715; x_wconf 72' lang='lat' dir='ltr'><strong>bonum</strong></span> <span class='ocrx_word' id='word_1_50' title='bbox 605 669 804 731; x_wconf 73' lang='lat' dir='ltr'><strong>aliquod</strong></span> <span class='ocrx_word' id='word_1_51' title='bbox 832 669 980 716; x_wconf 76' lang='lat' dir='ltr'><strong>multo</strong></span> <span class='ocrx_word' id='word_1_52' title='bbox 1015 670 1182 725; x_wconf 71' lang='lat' dir='ltr'><strong>&#39;mnjue</strong></span> <span class='ocrx_word' id='word_1_53' title='bbox 1219 668 1462 729; x_wconf 74' lang='lat' dir='ltr'><strong>multoque</strong></span> <span class='ocrx_word' id='word_1_54' title='bbox 1490 673 1633 729; x_wconf 77' lang='lat' dir='ltr'><strong>opta-</strong></span> 
     </span>
     <span class='ocr_line' id='line_1_9' title="bbox 227 738 1634 800; baseline -0.002 -14"><span class='ocrx_word' id='word_1_55' title='bbox 227 739 376 786; x_wconf 69' lang='lat' dir='ltr'><strong>bilius</strong></span> <span class='ocrx_word' id='word_1_56' title='bbox 416 753 590 799; x_wconf 72' lang='lat' dir='ltr'><strong>mayno</strong></span> <span class='ocrx_word' id='word_1_57' title='bbox 619 739 834 785; x_wconf 77' lang='lat' dir='ltr'><strong><em>Deorum</em></strong></span> <span class='ocrx_word' id='word_1_58' title='bbox 876 739 1100 798; x_wconf 72' lang='lat' dir='ltr'><strong>beneficio</strong></span> <span class='ocrx_word' id='word_1_59' title='bbox 1141 739 1402 800; x_wconf 73' lang='lat' dir='ltr'><strong>aliquando</strong></span> <span class='ocrx_word' id='word_1_60' title='bbox 1431 738 1634 798; x_wconf 63' lang='lat' dir='ltr'><strong>colliqu-</strong></span> 
     </span>
     <span class='ocr_line' id='line_1_10' title="bbox 227 806 1633 868; baseline -0.001 -13"><span class='ocrx_word' id='word_1_61' title='bbox 227 806 326 855; x_wconf 58' lang='grc' dir='ltr'><strong>ἰών.</strong></span> <span class='ocrx_word' id='word_1_62' title='bbox 363 810 407 868; x_wconf 88' lang='lat'><strong>¹)</strong></span> <span class='ocrx_word' id='word_1_63' title='bbox 467 809 582 854; x_wconf 86' lang='lat' dir='ltr'><strong>Nam</strong></span> <span class='ocrx_word' id='word_1_64' title='bbox 614 812 656 854; x_wconf 88' lang='lat' dir='ltr'><strong>si</strong></span> <span class='ocrx_word' id='word_1_65' title='bbox 686 823 840 855; x_wconf 87' lang='lat' dir='ltr'><strong>verum</strong></span> <span class='ocrx_word' id='word_1_66' title='bbox 871 812 959 868; x_wconf 84' lang='lat' dir='ltr'><strong>est,</strong></span> <span class='ocrx_word' id='word_1_67' title='bbox 990 809 1107 868; x_wconf 91' lang='lat' dir='ltr'><strong>quod</strong></span> <span class='ocrx_word' id='word_1_68' title='bbox 1139 821 1167 853; x_wconf 95' lang='lat' dir='ltr'><strong>a</strong></span> <span class='ocrx_word' id='word_1_69' title='bbox 1196 808 1510 868; x_wconf 72' lang='lat' dir='ltr'><strong>Theophrasto</strong></span> <span class='ocrx_word' id='word_1_70' title='bbox 1541 809 1633 853; x_wconf 60' lang='lat' dir='ltr'><strong>ali-⁶</strong></span> 
     </span>
     <span class='ocr_line' id='line_1_11' title="bbox 228 871 1632 938; baseline -0.001 -13"><span class='ocrx_word' id='word_1_71' title='bbox 228 871 332 926; x_wconf 74' lang='lat' dir='ltr'><strong>cubi</strong></span> <span class='ocrx_word' id='word_1_72' title='bbox 360 879 584 938; x_wconf 82' lang='lat' dir='ltr'><strong>proditum</strong></span> <span class='ocrx_word' id='word_1_73' title='bbox 613 881 851 925; x_wconf 88' lang='lat' dir='ltr'><strong>memoriae</strong></span> <span class='ocrx_word' id='word_1_74' title='bbox 877 879 1200 938; x_wconf 86' lang='lat' dir='ltr'><strong>mandavimus,</strong></span> <span class='ocrx_word' id='word_1_75' title='bbox 1234 880 1385 924; x_wconf 72' lang='lat' dir='ltr'><strong>orbem</strong></span> <span class='ocrx_word' id='word_1_76' title='bbox 1413 882 1632 923; x_wconf 85' lang='lat' dir='ltr'><strong>terrarum</strong></span> 
     </span>
     <span class='ocr_line' id='line_1_12' title="bbox 228 949 1633 1008; baseline -0.001 -14"><span class='ocrx_word' id='word_1_77' title='bbox 228 950 449 994; x_wconf 85' lang='lat' dir='ltr'><strong>theatrum</strong></span> <span class='ocrx_word' id='word_1_78' title='bbox 481 963 590 994; x_wconf 84' lang='lat' dir='ltr'><strong>esse</strong></span> <span class='ocrx_word' id='word_1_79' title='bbox 621 949 839 1008; x_wconf 85' lang='lat' dir='ltr'><strong>quoddam</strong></span> <span class='ocrx_word' id='word_1_80' title='bbox 870 961 1076 1007; x_wconf 84' lang='lat' dir='ltr'><strong>maguum</strong></span> <span class='ocrx_word' id='word_1_81' title='bbox 1121 949 1272 993; x_wconf 84' lang='lat' dir='ltr'><strong>divina</strong></span> <span class='ocrx_word' id='word_1_82' title='bbox 1300 952 1446 993; x_wconf 86' lang='lat' dir='ltr'><strong>mente</strong></span> <span class='ocrx_word' id='word_1_83' title='bbox 1477 949 1633 1006; x_wconf 87' lang='lat' dir='ltr'><strong>reple-</strong></span> 
     </span>
     <span class='ocr_line' id='line_1_13' title="bbox 227 1018 1634 1078; baseline -0.001 -15"><span class='ocrx_word' id='word_1_84' title='bbox 227 1022 334 1078; x_wconf 87' lang='lat' dir='ltr'><strong>tum,</strong></span> <span class='ocrx_word' id='word_1_85' title='bbox 365 1021 411 1064; x_wconf 92' lang='lat' dir='ltr'><strong>in</strong></span> <span class='ocrx_word' id='word_1_86' title='bbox 456 1032 511 1064; x_wconf 90' lang='lat' dir='ltr'><strong>eo</strong></span> <span class='ocrx_word' id='word_1_87' title='bbox 552 1022 698 1064; x_wconf 89' lang='lat' dir='ltr'><strong>autem</strong></span> <span class='ocrx_word' id='word_1_88' title='bbox 738 1018 883 1063; x_wconf 88' lang='lat' dir='ltr'><strong>medio</strong></span> <span class='ocrx_word' id='word_1_89' title='bbox 929 1018 1177 1063; x_wconf 86' lang='lat' dir='ltr'><strong>collocatos</strong></span> <span class='ocrx_word' id='word_1_90' title='bbox 1225 1031 1332 1063; x_wconf 89' lang='lat' dir='ltr'><strong>esse</strong></span> <span class='ocrx_word' id='word_1_91' title='bbox 1371 1018 1575 1062; x_wconf 91' lang='lat' dir='ltr'><strong>homines</strong></span> <span class='ocrx_word' id='word_1_92' title='bbox 1605 1029 1634 1062; x_wconf 88' lang='lat' dir='ltr'><strong>a</strong></span> 
     </span>
     <span class='ocr_line' id='line_1_14' title="bbox 226 1089 1632 1148; baseline -0.003 -13"><span class='ocrx_word' id='word_1_93' title='bbox 226 1090 352 1148; x_wconf 80' lang='lat' dir='ltr'><strong>Deo,</strong></span> <span class='ocrx_word' id='word_1_94' title='bbox 373 1093 423 1135; x_wconf 91' lang='lat' dir='ltr'><strong>ut</strong></span> <span class='ocrx_word' id='word_1_95' title='bbox 469 1103 568 1135; x_wconf 90' lang='lat' dir='ltr'><strong>cum</strong></span> <span class='ocrx_word' id='word_1_96' title='bbox 599 1090 795 1148; x_wconf 83' lang='lat' dir='ltr'><strong>fortuna,</strong></span> <span class='ocrx_word' id='word_1_97' title='bbox 826 1089 999 1148; x_wconf 90' lang='lat' dir='ltr'><strong>dolore,</strong></span> <span class='ocrx_word' id='word_1_98' title='bbox 1031 1091 1225 1148; x_wconf 89' lang='lat' dir='ltr'><strong>morbis,</strong></span> <span class='ocrx_word' id='word_1_99' title='bbox 1257 1092 1463 1148; x_wconf 83' lang='lat' dir='ltr'><strong>egestate</strong></span> <span class='ocrx_word' id='word_1_100' title='bbox 1505 1089 1632 1133; x_wconf 86' lang='lat' dir='ltr'><strong>casi-</strong></span> 
     </span>
     <span class='ocr_line' id='line_1_15' title="bbox 225 1160 1632 1234; baseline -0.002 -28"><span class='ocrx_word' id='word_1_101' title='bbox 225 1162 402 1220; x_wconf 81' lang='lat' dir='ltr'><strong>busque</strong></span> <span class='ocrx_word' id='word_1_102' title='bbox 432 1161 663 1234; x_wconf 82' lang='lat' dir='ltr'><strong>permultis</strong></span> <span class='ocrx_word' id='word_1_103' title='bbox 695 1160 881 1206; x_wconf 76' lang='lat' dir='ltr'><strong>assidue</strong></span> <span class='ocrx_word' id='word_1_104' title='bbox 912 1161 1154 1218; x_wconf 86' lang='lat' dir='ltr'><strong>luctentur,</strong></span> <span class='ocrx_word' id='word_1_105' title='bbox 1176 1161 1319 1205; x_wconf 89' lang='lat' dir='ltr'><strong>Deum</strong></span> <span class='ocrx_word' id='word_1_106' title='bbox 1340 1172 1449 1205; x_wconf 88' lang='lat' dir='ltr'><strong>vero</strong></span> <span class='ocrx_word' id='word_1_107' title='bbox 1470 1161 1632 1217; x_wconf 90' lang='lat' dir='ltr'><strong>ipsum,</strong></span> 
     </span>
     <span class='ocr_line' id='line_1_16' title="bbox 226 1230 1633 1300; baseline -0.003 -24"><span class='ocrx_word' id='word_1_108' title='bbox 226 1234 438 1293; x_wconf 77' lang='lat' dir='ltr'><strong>quantum</strong></span> <span class='ocrx_word' id='word_1_109' title='bbox 483 1232 671 1289; x_wconf 84' lang='lat' dir='ltr'><strong>quisque</strong></span> <span class='ocrx_word' id='word_1_110' title='bbox 710 1230 954 1300; x_wconf 85' lang='lat' dir='ltr'><strong>pugnaudo</strong></span> <span class='ocrx_word' id='word_1_111' title='bbox 999 1231 1151 1275; x_wconf 84' lang='lat' dir='ltr'><strong>valeat</strong></span> <span class='ocrx_word' id='word_1_112' title='bbox 1196 1242 1412 1289; x_wconf 89' lang='lat' dir='ltr'><strong>quamque</strong></span> <span class='ocrx_word' id='word_1_113' title='bbox 1443 1230 1633 1274; x_wconf 87' lang='lat' dir='ltr'><strong>viriliter</strong></span> 
     </span>
     <span class='ocr_line' id='line_1_17' title="bbox 227 1287 1633 1360; baseline -0.001 -15"><span class='ocrx_word' id='word_1_114' title='bbox 227 1300 487 1345; x_wconf 78' lang='lat' dir='ltr'><strong>fortitudine</strong></span> <span class='ocrx_word' id='word_1_115' title='bbox 533 1301 748 1345; x_wconf 88' lang='lat' dir='ltr'><strong>divinitus</strong></span> <span class='ocrx_word' id='word_1_116' title='bbox 795 1287 987 1360; x_wconf 61' lang='lat' dir='ltr'><strong>accepta</strong></span> <span class='ocrx_word' id='word_1_117' title='bbox 1028 1303 1203 1358; x_wconf 87' lang='lat' dir='ltr'><strong>utatur,</strong></span> <span class='ocrx_word' id='word_1_118' title='bbox 1235 1299 1434 1357; x_wconf 83' lang='lat' dir='ltr'><strong>desuper</strong></span> <span class='ocrx_word' id='word_1_119' title='bbox 1463 1310 1633 1357; x_wconf 86' lang='lat' dir='ltr'><strong>aspec-</strong></span> 
     </span>
     <span class='ocr_line' id='line_1_18' title="bbox 227 1368 1632 1429; baseline -0.002 -14"><span class='ocrx_word' id='word_1_120' title='bbox 227 1375 350 1415; x_wconf 85' lang='lat' dir='ltr'><strong>tare:</strong></span> <span class='ocrx_word' id='word_1_121' title='bbox 391 1371 494 1428; x_wconf 85' lang='lat' dir='ltr'><strong>hoc,</strong></span> <span class='ocrx_word' id='word_1_122' title='bbox 526 1373 734 1429; x_wconf 89' lang='lat' dir='ltr'><strong>inquam,</strong></span> <span class='ocrx_word' id='word_1_123' title='bbox 767 1373 808 1415; x_wconf 82' lang='lat' dir='ltr'><strong>si</strong></span> <span class='ocrx_word' id='word_1_124' title='bbox 854 1383 1007 1416; x_wconf 88' lang='lat' dir='ltr'><strong>verum</strong></span> <span class='ocrx_word' id='word_1_125' title='bbox 1054 1374 1148 1428; x_wconf 88' lang='lat' dir='ltr'><strong>est,</strong></span> <span class='ocrx_word' id='word_1_126' title='bbox 1190 1370 1385 1413; x_wconf 88' lang='lat' dir='ltr'><strong>dubitari</strong></span> <span class='ocrx_word' id='word_1_127' title='bbox 1425 1368 1632 1428; x_wconf 84' lang='lat' dir='ltr'><strong>profecto</strong></span> 
     </span>
     <span class='ocr_line' id='line_1_19' title="bbox 228 1427 1633 1499; baseline -0.002 -14"><span class='ocrx_word' id='word_1_128' title='bbox 228 1453 317 1485; x_wconf 92' lang='lat' dir='ltr'><strong>non</strong></span> <span class='ocrx_word' id='word_1_129' title='bbox 347 1444 515 1499; x_wconf 83' lang='lat' dir='ltr'><strong>potest,</strong></span> <span class='ocrx_word' id='word_1_130' title='bbox 547 1442 652 1498; x_wconf 90' lang='lat' dir='ltr'><strong>quin</strong></span> <span class='ocrx_word' id='word_1_131' title='bbox 682 1441 756 1484; x_wconf 91' lang='lat' dir='ltr'><strong>Dii</strong></span> <span class='ocrx_word' id='word_1_132' title='bbox 789 1453 869 1485; x_wconf 92' lang='lat' dir='ltr'><strong>eos</strong></span> <span class='ocrx_word' id='word_1_133' title='bbox 891 1427 946 1484; x_wconf 67' lang='lat' dir='ltr'><strong>*bt</strong></span> <span class='ocrx_word' id='word_1_134' title='bbox 977 1451 1112 1484; x_wconf 85' lang='lat' dir='ltr'><strong>caros</strong></span> <span class='ocrx_word' id='word_1_135' title='bbox 1154 1440 1350 1484; x_wconf 87' lang='lat' dir='ltr'><strong>habeant</strong></span> <span class='ocrx_word' id='word_1_136' title='bbox 1389 1443 1436 1484; x_wconf 92' lang='lat' dir='ltr'><strong>et</strong></span> <span class='ocrx_word' id='word_1_137' title='bbox 1474 1451 1633 1483; x_wconf 89' lang='lat' dir='ltr'><strong>mune-</strong></span> 
     </span>
     <span class='ocr_line' id='line_1_20' title="bbox 227 1508 1634 1568; baseline -0.002 -14"><span class='ocrx_word' id='word_1_138' title='bbox 227 1511 352 1554; x_wconf 87' lang='lat' dir='ltr'><strong>ribus</strong></span> <span class='ocrx_word' id='word_1_139' title='bbox 382 1513 729 1568; x_wconf 74' lang='lat' dir='ltr'><strong>prosequantur,</strong></span> <span class='ocrx_word' id='word_1_140' title='bbox 762 1511 852 1568; x_wconf 91' lang='lat' dir='ltr'><strong>qui,</strong></span> <span class='ocrx_word' id='word_1_141' title='bbox 883 1511 923 1554; x_wconf 88' lang='lat' dir='ltr'><strong>si</strong></span> <span class='ocrx_word' id='word_1_142' title='bbox 954 1522 981 1554; x_wconf 90' lang='lat' dir='ltr'><strong>e</strong></span> <span class='ocrx_word' id='word_1_143' title='bbox 1011 1510 1102 1553; x_wconf 88' lang='lat' dir='ltr'><strong>vita</strong></span> <span class='ocrx_word' id='word_1_144' title='bbox 1132 1511 1404 1553; x_wconf 85' lang='lat' dir='ltr'><strong>revocentur</strong></span> <span class='ocrx_word' id='word_1_145' title='bbox 1434 1510 1520 1566; x_wconf 87' lang='lat' dir='ltr'><strong>ipsi</strong></span> <span class='ocrx_word' id='word_1_146' title='bbox 1560 1508 1634 1552; x_wconf 88' lang='lat' dir='ltr'><strong>vel</strong></span> 
     </span>
     <span class='ocr_line' id='line_1_21' title="bbox 227 1578 1635 1639; baseline -0.004 -14"><span class='ocrx_word' id='word_1_147' title='bbox 227 1593 338 1625; x_wconf 89' lang='lat' dir='ltr'><strong>suos</strong></span> <span class='ocrx_word' id='word_1_148' title='bbox 368 1581 576 1624; x_wconf 88' lang='lat' dir='ltr'><strong>revocari</strong></span> <span class='ocrx_word' id='word_1_149' title='bbox 622 1579 830 1639; x_wconf 83' lang='lat' dir='ltr'><strong>videant,</strong></span> <span class='ocrx_word' id='word_1_150' title='bbox 862 1579 1038 1623; x_wconf 85' lang='lat' dir='ltr'><strong>alacres</strong></span> <span class='ocrx_word' id='word_1_151' title='bbox 1075 1578 1268 1636; x_wconf 83' lang='lat' dir='ltr'><strong>laetique</strong></span> <span class='ocrx_word' id='word_1_152' title='bbox 1299 1578 1398 1622; x_wconf 91' lang='lat' dir='ltr'><strong>Deo</strong></span> <span class='ocrx_word' id='word_1_153' title='bbox 1445 1580 1635 1637; x_wconf 89' lang='lat' dir='ltr'><strong>pareant</strong></span> 
     </span>
     <span class='ocr_line' id='line_1_22' title="bbox 228 1646 1632 1708; baseline -0.002 -14"><span class='ocrx_word' id='word_1_154' title='bbox 228 1649 424 1708; x_wconf 81' lang='lat' dir='ltr'><strong>nihilque</strong></span> <span class='ocrx_word' id='word_1_155' title='bbox 474 1651 720 1708; x_wconf 88' lang='lat' dir='ltr'><strong>propterea</strong></span> <span class='ocrx_word' id='word_1_156' title='bbox 759 1649 860 1693; x_wconf 89' lang='lat' dir='ltr'><strong>mali</strong></span> <span class='ocrx_word' id='word_1_157' title='bbox 905 1649 990 1693; x_wconf 90' lang='lat' dir='ltr'><strong>sibi</strong></span> <span class='ocrx_word' id='word_1_158' title='bbox 1043 1647 1270 1694; x_wconf 84' lang='lat' dir='ltr'><strong>accidisse</strong></span> <span class='ocrx_word' id='word_1_159' title='bbox 1314 1647 1536 1707; x_wconf 85' lang='lat' dir='ltr'><strong>judicent.</strong></span> <span class='ocrx_word' id='word_1_160' title='bbox 1585 1646 1632 1704; x_wconf 77' lang='lat'><strong>²)</strong></span> 
     </span>
     <span class='ocr_line' id='line_1_23' title="bbox 192 1718 1631 1777; baseline -0.002 -14"><span class='ocrx_word' id='word_1_161' title='bbox 192 1723 198 1729; x_wconf 77' lang='grc'><em>“</em></span> <span class='ocrx_word' id='word_1_162' title='bbox 228 1720 387 1777; x_wconf 87' lang='lat' dir='ltr'><strong>Itaque</strong></span> <span class='ocrx_word' id='word_1_163' title='bbox 434 1721 507 1776; x_wconf 91' lang='lat' dir='ltr'><strong>qui</strong></span> <span class='ocrx_word' id='word_1_164' title='bbox 539 1720 735 1763; x_wconf 86' lang='lat' dir='ltr'><strong>Deorum</strong></span> <span class='ocrx_word' id='word_1_165' title='bbox 785 1719 1000 1762; x_wconf 85' lang='lat' dir='ltr'><strong>voluntati</strong></span> <span class='ocrx_word' id='word_1_166' title='bbox 1041 1720 1287 1776; x_wconf 88' lang='lat' dir='ltr'><strong>paruerunt</strong></span> <span class='ocrx_word' id='word_1_167' title='bbox 1327 1718 1522 1774; x_wconf 86' lang='lat' dir='ltr'><strong>nihilque</strong></span> <span class='ocrx_word' id='word_1_168' title='bbox 1564 1730 1631 1773; x_wconf 88' lang='lat' dir='ltr'><strong>se,</strong></span> 
     </span>
     <span class='ocr_line' id='line_1_24' title="bbox 229 1786 1631 1848; baseline -0.003 -15"><span class='ocrx_word' id='word_1_169' title='bbox 229 1790 346 1848; x_wconf 88' lang='lat' dir='ltr'><strong>quod</strong></span> <span class='ocrx_word' id='word_1_170' title='bbox 378 1790 434 1834; x_wconf 82' lang='lat' dir='ltr'><strong>ab</strong></span> <span class='ocrx_word' id='word_1_171' title='bbox 466 1790 555 1834; x_wconf 90' lang='lat' dir='ltr'><strong>illis</strong></span> <span class='ocrx_word' id='word_1_172' title='bbox 586 1790 701 1832; x_wconf 90' lang='lat' dir='ltr'><strong>ultro</strong></span> <span class='ocrx_word' id='word_1_173' title='bbox 733 1789 931 1846; x_wconf 89' lang='lat' dir='ltr'><strong>daretur,</strong></span> <span class='ocrx_word' id='word_1_174' title='bbox 961 1789 1151 1832; x_wconf 85' lang='lat' dir='ltr'><strong>moleste</strong></span> <span class='ocrx_word' id='word_1_175' title='bbox 1197 1788 1318 1832; x_wconf 87' lang='lat' dir='ltr'><strong>ferre</strong></span> <span class='ocrx_word' id='word_1_176' title='bbox 1361 1786 1631 1831; x_wconf 88' lang='lat' dir='ltr'><strong>declarave—</strong></span> 
     </span>
     <span class='ocr_line' id='line_1_25' title="bbox 229 1852 1632 1919; baseline -0.003 -15"><span class='ocrx_word' id='word_1_177' title='bbox 229 1864 349 1919; x_wconf 84' lang='lat' dir='ltr'><strong>runt,</strong></span> <span class='ocrx_word' id='word_1_178' title='bbox 381 1891 394 1903; x_wconf 92' lang='lat'><strong>.</strong></span> <span class='ocrx_word' id='word_1_179' title='bbox 427 1891 439 1903; x_wconf 89' lang='lat'><strong>.</strong></span> <span class='ocrx_word' id='word_1_180' title='bbox 473 1891 485 1903; x_wconf 93' lang='lat'><strong>.</strong></span> <span class='ocrx_word' id='word_1_181' title='bbox 517 1861 590 1918; x_wconf 91' lang='lat' dir='ltr'><strong>qui</strong></span> <span class='ocrx_word' id='word_1_182' title='bbox 612 1852 730 1903; x_wconf 79' lang='lat' dir='ltr'><strong>&#39;nihil</strong></span> <span class='ocrx_word' id='word_1_183' title='bbox 760 1861 805 1903; x_wconf 91' lang='lat' dir='ltr'><strong>in</strong></span> <span class='ocrx_word' id='word_1_184' title='bbox 835 1872 888 1903; x_wconf 89' lang='lat' dir='ltr'><strong>se</strong></span> <span class='ocrx_word' id='word_1_185' title='bbox 918 1860 1059 1917; x_wconf 74' lang='lat' dir='ltr'><strong>ipsis,</strong></span> <span class='ocrx_word' id='word_1_186' title='bbox 1091 1857 1177 1903; x_wconf 82' lang='lat' dir='ltr'><strong>sed</strong></span> <span class='ocrx_word' id='word_1_187' title='bbox 1213 1860 1258 1903; x_wconf 91' lang='lat' dir='ltr'><strong>in</strong></span> <span class='ocrx_word' id='word_1_188' title='bbox 1297 1858 1528 1902; x_wconf 86' lang='lat' dir='ltr'><strong>voluntate</strong></span> <span class='ocrx_word' id='word_1_189' title='bbox 1558 1857 1632 1900; x_wconf 91' lang='lat' dir='ltr'><strong>di-</strong></span> 
     </span>
     <span class='ocr_line' id='line_1_26' title="bbox 229 1928 1630 1990; baseline -0.003 -15"><span class='ocrx_word' id='word_1_190' title='bbox 229 1932 334 1975; x_wconf 86' lang='lat' dir='ltr'><strong>viua</strong></span> <span class='ocrx_word' id='word_1_191' title='bbox 364 1944 417 1975; x_wconf 91' lang='lat' dir='ltr'><strong>se</strong></span> <span class='ocrx_word' id='word_1_192' title='bbox 448 1932 577 1988; x_wconf 90' lang='lat' dir='ltr'><strong>ipsos</strong></span> <span class='ocrx_word' id='word_1_193' title='bbox 607 1941 662 1990; x_wconf 85' lang='lat' dir='ltr'><strong>ac</strong></span> <span class='ocrx_word' id='word_1_194' title='bbox 693 1941 778 1973; x_wconf 86' lang='lat' dir='ltr'><strong>sua</strong></span> <span class='ocrx_word' id='word_1_195' title='bbox 806 1932 977 1988; x_wconf 90' lang='lat' dir='ltr'><strong>ponunt</strong></span> <span class='ocrx_word' id='word_1_196' title='bbox 1007 1933 1052 1973; x_wconf 91' lang='lat' dir='ltr'><strong>et</strong></span> <span class='ocrx_word' id='word_1_197' title='bbox 1093 1929 1245 1973; x_wconf 89' lang='lat' dir='ltr'><strong>locant</strong></span> <span class='ocrx_word' id='word_1_198' title='bbox 1284 1929 1455 1986; x_wconf 91' lang='lat' dir='ltr'><strong>omnia,</strong></span> <span class='ocrx_word' id='word_1_199' title='bbox 1486 1928 1630 1971; x_wconf 91' lang='lat' dir='ltr'><strong>nemi-</strong></span> 
     </span>
     <span class='ocr_line' id='line_1_27' title="bbox 228 1998 1631 2057; baseline -0.003 -13"><span class='ocrx_word' id='word_1_200' title='bbox 228 2013 329 2044; x_wconf 88' lang='lat' dir='ltr'><strong>nem</strong></span> <span class='ocrx_word' id='word_1_201' title='bbox 359 2001 558 2057; x_wconf 85' lang='lat' dir='ltr'><strong>laedunt,</strong></span> <span class='ocrx_word' id='word_1_202' title='bbox 590 2012 742 2042; x_wconf 88' lang='lat' dir='ltr'><strong>omnes</strong></span> <span class='ocrx_word' id='word_1_203' title='bbox 773 2000 1042 2042; x_wconf 82' lang='lat' dir='ltr'><strong>liberalitate</strong></span> <span class='ocrx_word' id='word_1_204' title='bbox 1060 2030 1074 2057; x_wconf 98' lang='lat'><strong>,</strong></span> <span class='ocrx_word' id='word_1_205' title='bbox 1105 2000 1409 2056; x_wconf 84' lang='lat' dir='ltr'><strong>benignitate,</strong></span> <span class='ocrx_word' id='word_1_206' title='bbox 1442 1998 1631 2041; x_wconf 88' lang='lat' dir='ltr'><strong>caritate</strong></span> 
     </span>
     <span class='ocr_line' id='line_1_28' title="bbox 229 2068 1630 2128; baseline -0.002 -15"><span class='ocrx_word' id='word_1_207' title='bbox 229 2070 580 2128; x_wconf 87' lang='lat' dir='ltr'><strong>amplectuntur,</strong></span> <span class='ocrx_word' id='word_1_208' title='bbox 631 2069 753 2112; x_wconf 89' lang='lat' dir='ltr'><strong>nulla</strong></span> <span class='ocrx_word' id='word_1_209' title='bbox 802 2081 854 2112; x_wconf 90' lang='lat' dir='ltr'><strong>re</strong></span> <span class='ocrx_word' id='word_1_210' title='bbox 906 2070 1194 2126; x_wconf 85' lang='lat' dir='ltr'><strong>cruciantur,</strong></span> <span class='ocrx_word' id='word_1_211' title='bbox 1244 2068 1352 2111; x_wconf 90' lang='lat' dir='ltr'><strong>nihil</strong></span> <span class='ocrx_word' id='word_1_212' title='bbox 1398 2070 1630 2126; x_wconf 85' lang='lat' dir='ltr'><strong>appetunt,</strong></span> 
     </span>
     <span class='ocr_line' id='line_1_29' title="bbox 231 2138 1631 2196; baseline -0.004 -11"><span class='ocrx_word' id='word_1_213' title='bbox 231 2142 420 2185; x_wconf 86' lang='lat' dir='ltr'><strong>omnium</strong></span> <span class='ocrx_word' id='word_1_214' title='bbox 465 2141 672 2184; x_wconf 86' lang='lat' dir='ltr'><strong>vitiorum</strong></span> <span class='ocrx_word' id='word_1_215' title='bbox 712 2138 859 2182; x_wconf 82' lang='lat' dir='ltr'><strong>fracto</strong></span> <span class='ocrx_word' id='word_1_216' title='bbox 900 2140 1066 2196; x_wconf 85' lang='lat' dir='ltr'><strong>impetu</strong></span> <span class='ocrx_word' id='word_1_217' title='bbox 1098 2138 1472 2196; x_wconf 88' lang='lat' dir='ltr'><strong>cupiditatumque</strong></span> <span class='ocrx_word' id='word_1_218' title='bbox 1502 2138 1631 2184; x_wconf 86' lang='lat' dir='ltr'><strong>radi-</strong></span> 
     </span>
     <span class='ocr_line' id='line_1_30' title="bbox 231 2208 1635 2266; baseline -0.002 -12"><span class='ocrx_word' id='word_1_219' title='bbox 231 2211 362 2263; x_wconf 85' lang='lat' dir='ltr'><strong>cibus</strong></span> <span class='ocrx_word' id='word_1_220' title='bbox 404 2223 462 2253; x_wconf 82' lang='lat' dir='ltr'><strong>ex</strong></span> <span class='ocrx_word' id='word_1_221' title='bbox 502 2211 646 2253; x_wconf 87' lang='lat' dir='ltr'><strong>animo</strong></span> <span class='ocrx_word' id='word_1_222' title='bbox 691 2210 874 2266; x_wconf 88' lang='lat' dir='ltr'><strong>penitus</strong></span> <span class='ocrx_word' id='word_1_223' title='bbox 920 2209 1119 2266; x_wconf 83' lang='lat' dir='ltr'><strong>evulsis,</strong></span> <span class='ocrx_word' id='word_1_224' title='bbox 1152 2208 1199 2266; x_wconf 73' lang='grc'><strong>8)</strong></span> <span class='ocrx_word' id='word_1_225' title='bbox 1243 2210 1316 2265; x_wconf 89' lang='lat' dir='ltr'><strong>qui</strong></span> <span class='ocrx_word' id='word_1_226' title='bbox 1361 2208 1552 2265; x_wconf 89' lang='lat' dir='ltr'><strong>denique</strong></span> <span class='ocrx_word' id='word_1_227' title='bbox 1592 2209 1635 2251; x_wconf 91' lang='lat' dir='ltr'><strong>in</strong></span> 
     </span>
     <span class='ocr_line' id='line_1_31' title="bbox 232 2276 1634 2339; baseline -0.003 -15"><span class='ocrx_word' id='word_1_228' title='bbox 232 2279 500 2339; x_wconf 80' lang='lat' dir='ltr'><strong>corporibus</strong></span> <span class='ocrx_word' id='word_1_229' title='bbox 546 2278 751 2323; x_wconf 88' lang='lat' dir='ltr'><strong>humanis</strong></span> <span class='ocrx_word' id='word_1_230' title='bbox 796 2279 931 2322; x_wconf 83' lang='lat' dir='ltr'><strong>vitam</strong></span> <span class='ocrx_word' id='word_1_231' title='bbox 982 2279 1138 2322; x_wconf 86' lang='lat' dir='ltr'><strong>imitati</strong></span> <span class='ocrx_word' id='word_1_232' title='bbox 1183 2281 1288 2321; x_wconf 88' lang='lat' dir='ltr'><strong>sunt</strong></span> <span class='ocrx_word' id='word_1_233' title='bbox 1327 2278 1548 2321; x_wconf 83' lang='lat' dir='ltr'><strong>Deorum:</strong></span> <span class='ocrx_word' id='word_1_234' title='bbox 1587 2276 1634 2336; x_wconf 69' lang='grc'><strong>4)</strong></span> 
     </span>
     <span class='ocr_line' id='line_1_32' title="bbox 231 2340 1635 2407; baseline -0.003 -12"><span class='ocrx_word' id='word_1_235' title='bbox 231 2362 313 2395; x_wconf 89' lang='lat' dir='ltr'><strong>eos</strong></span> <span class='ocrx_word' id='word_1_236' title='bbox 344 2350 508 2393; x_wconf 87' lang='lat' dir='ltr'><strong>divinis</strong></span> <span class='ocrx_word' id='word_1_237' title='bbox 539 2349 784 2394; x_wconf 88' lang='lat' dir='ltr'><strong>honoribus</strong></span> <span class='ocrx_word' id='word_1_238' title='bbox 807 2349 915 2407; x_wconf 77' lang='lat' dir='ltr'><strong>Jure</strong></span> <span class='ocrx_word' id='word_1_239' title='bbox 945 2348 1108 2407; x_wconf 85' lang='lat' dir='ltr'><strong>dignos</strong></span> <span class='ocrx_word' id='word_1_240' title='bbox 1126 2340 1335 2403; x_wconf 54' lang='lat' dir='ltr'><strong>&#39;maiores</strong></span> <span class='ocrx_word' id='word_1_241' title='bbox 1356 2350 1497 2391; x_wconf 88' lang='lat' dir='ltr'><strong>nostri</strong></span> <span class='ocrx_word' id='word_1_242' title='bbox 1520 2359 1635 2392; x_wconf 90' lang='lat' dir='ltr'><strong>cen-</strong></span> 
     </span>
     <span class='ocr_line' id='line_1_33' title="bbox 231 2419 1635 2477; baseline -0.002 -13"><span class='ocrx_word' id='word_1_243' title='bbox 231 2422 423 2464; x_wconf 84' lang='lat' dir='ltr'><strong>suerunt</strong></span> <span class='ocrx_word' id='word_1_244' title='bbox 452 2431 623 2477; x_wconf 89' lang='lat' dir='ltr'><strong>eosque</strong></span> <span class='ocrx_word' id='word_1_245' title='bbox 664 2431 761 2463; x_wconf 88' lang='lat' dir='ltr'><strong>cum</strong></span> <span class='ocrx_word' id='word_1_246' title='bbox 794 2419 892 2462; x_wconf 90' lang='lat' dir='ltr'><strong>Diis</strong></span> <span class='ocrx_word' id='word_1_247' title='bbox 932 2419 1251 2462; x_wconf 86' lang='lat' dir='ltr'><strong>immortalibus</strong></span> <span class='ocrx_word' id='word_1_248' title='bbox 1293 2429 1451 2462; x_wconf 87' lang='lat' dir='ltr'><strong>aevum</strong></span> <span class='ocrx_word' id='word_1_249' title='bbox 1493 2429 1635 2474; x_wconf 84' lang='lat' dir='ltr'><strong>agere</strong></span> 
     </span>
     <span class='ocr_line' id='line_1_34' title="bbox 231 2485 1634 2548; baseline -0.003 -17"><span class='ocrx_word' id='word_1_250' title='bbox 231 2490 595 2548; x_wconf 83' lang='lat' dir='ltr'><strong>sapientissimus</strong></span> <span class='ocrx_word' id='word_1_251' title='bbox 641 2488 778 2546; x_wconf 69' lang='lat' dir='ltr'><strong>poeta</strong></span> <span class='ocrx_word' id='word_1_252' title='bbox 816 2500 904 2529; x_wconf 90' lang='lat' dir='ltr'><strong>non</strong></span> <span class='ocrx_word' id='word_1_253' title='bbox 944 2485 1158 2529; x_wconf 71' lang='lat' dir='ltr'><strong>immerito</strong></span> <span class='ocrx_word' id='word_1_254' title='bbox 1201 2489 1394 2529; x_wconf 60' lang='lat' dir='ltr'><strong>cecinit:</strong></span> <span class='ocrx_word' id='word_1_255' title='bbox 1415 2487 1462 2544; x_wconf 81' lang='lat'><strong>⁶)</strong></span> <span class='ocrx_word' id='word_1_256' title='bbox 1510 2485 1634 2540; x_wconf 82' lang='lat' dir='ltr'><strong>Quae</strong></span> 
     </span>
     <span class='ocr_line' id='line_1_35' title="bbox 232 2559 1635 2616; baseline -0.003 -15"><span class='ocrx_word' id='word_1_257' title='bbox 232 2572 331 2601; x_wconf 82' lang='lat' dir='ltr'><strong>cum</strong></span> <span class='ocrx_word' id='word_1_258' title='bbox 362 2562 425 2600; x_wconf 77' lang='lat' dir='ltr'><strong>ita</strong></span> <span class='ocrx_word' id='word_1_259' title='bbox 454 2561 560 2616; x_wconf 84' lang='lat' dir='ltr'><strong>sint,</strong></span> <span class='ocrx_word' id='word_1_260' title='bbox 591 2561 735 2599; x_wconf 82' lang='lat' dir='ltr'><strong>omnis</strong></span> <span class='ocrx_word' id='word_1_261' title='bbox 766 2559 902 2598; x_wconf 82' lang='lat' dir='ltr'><strong>futuri</strong></span> <span class='ocrx_word' id='word_1_262' title='bbox 919 2562 1037 2616; x_wconf 86' lang='lat' dir='ltr'><strong>-post</strong></span> <span class='ocrx_word' id='word_1_263' title='bbox 1066 2562 1250 2598; x_wconf 86' lang='lat' dir='ltr'><strong>mortem</strong></span> <span class='ocrx_word' id='word_1_264' title='bbox 1282 2560 1495 2616; x_wconf 86' lang='lat' dir='ltr'><strong>temporis</strong></span> <span class='ocrx_word' id='word_1_265' title='bbox 1528 2569 1635 2598; x_wconf 84' lang='lat' dir='ltr'><strong>cura</strong></span> 
     </span>
     <span class='ocr_line' id='line_1_36' title="bbox 220 2629 1634 2694; baseline -0.003 -23"><span class='ocrx_word' id='word_1_266' title='bbox 220 2630 330 2694; x_wconf 43' lang='lat' dir='ltr'><strong>,mis</strong></span> <span class='ocrx_word' id='word_1_267' title='bbox 361 2629 652 2687; x_wconf 86' lang='lat' dir='ltr'><strong>relinquenda</strong></span> <span class='ocrx_word' id='word_1_268' title='bbox 683 2632 772 2687; x_wconf 82' lang='lat' dir='ltr'><strong>est,</strong></span> <span class='ocrx_word' id='word_1_269' title='bbox 804 2642 987 2686; x_wconf 90' lang='lat' dir='ltr'><strong>quorum</strong></span> <span class='ocrx_word' id='word_1_270' title='bbox 1021 2641 1111 2668; x_wconf 85' lang='lat' dir='ltr'><strong>nos</strong></span> <span class='ocrx_word' id='word_1_271' title='bbox 1152 2629 1227 2668; x_wconf 88' lang='lat' dir='ltr'><strong>vel</strong></span> <span class='ocrx_word' id='word_1_272' title='bbox 1267 2629 1521 2668; x_wconf 79' lang='lat' dir='ltr'><strong>liberalitati</strong></span> <span class='ocrx_word' id='word_1_273' title='bbox 1560 2629 1634 2688; x_wconf 73' lang='lat' dir='ltr'><strong>vel</strong></span> 
     </span>
     <span class='ocr_line' id='line_1_37' title="bbox 230 2697 1633 2757; baseline -0.003 -17"><span class='ocrx_word' id='word_1_274' title='bbox 230 2702 480 2757; x_wconf 76' lang='lat' dir='ltr'><strong>sapientiae</strong></span> <span class='ocrx_word' id='word_1_275' title='bbox 512 2701 769 2756; x_wconf 84' lang='lat' dir='ltr'><strong>permittere</strong></span> <span class='ocrx_word' id='word_1_276' title='bbox 811 2699 884 2738; x_wconf 82' lang='lat' dir='ltr'><strong>fas</strong></span> <span class='ocrx_word' id='word_1_277' title='bbox 924 2700 1129 2754; x_wconf 84' lang='lat' dir='ltr'><strong>piumque</strong></span> <span class='ocrx_word' id='word_1_278' title='bbox 1171 2701 1256 2738; x_wconf 83' lang='lat' dir='ltr'><strong>est.</strong></span> <span class='ocrx_word' id='word_1_279' title='bbox 1292 2698 1339 2755; x_wconf 82' lang='lat'><strong>⁶)</strong></span> <span class='ocrx_word' id='word_1_280' title='bbox 1372 2719 1429 2727; x_wconf 90' lang='lat'><strong>—-</strong></span> <span class='ocrx_word' id='word_1_281' title='bbox 1461 2697 1633 2749; x_wconf 81' lang='lat' dir='ltr'><strong>Quodsi</strong></span> 
     </span>
     <span class='ocr_line' id='line_1_38' title="bbox 232 2767 1634 2828; baseline -0.001 -17"><span class='ocrx_word' id='word_1_282' title='bbox 232 2771 370 2828; x_wconf 84' lang='lat' dir='ltr'><strong>igitur</strong></span> <span class='ocrx_word' id='word_1_283' title='bbox 413 2782 533 2811; x_wconf 90' lang='lat' dir='ltr'><strong>mors</strong></span> <span class='ocrx_word' id='word_1_284' title='bbox 579 2767 765 2810; x_wconf 68' lang='lat' dir='ltr'><strong>assidua</strong></span> <span class='ocrx_word' id='word_1_285' title='bbox 811 2769 881 2810; x_wconf 88' lang='lat' dir='ltr'><strong>sui</strong></span> <span class='ocrx_word' id='word_1_286' title='bbox 922 2767 1131 2810; x_wconf 64' lang='lat' dir='ltr'><strong>memoria</strong></span> <span class='ocrx_word' id='word_1_287' title='bbox 1174 2781 1285 2826; x_wconf 93' lang='lat' dir='ltr'><strong>nos,</strong></span> <span class='ocrx_word' id='word_1_288' title='bbox 1332 2771 1381 2809; x_wconf 90' lang='lat' dir='ltr'><strong>ut</strong></span> <span class='ocrx_word' id='word_1_289' title='bbox 1425 2769 1634 2809; x_wconf 86' lang='lat' dir='ltr'><strong>meliores</strong></span> 
     </span>
     <span class='ocr_line' id='line_1_39' title="bbox 232 2837 1634 2900; baseline -0.002 -19"><span class='ocrx_word' id='word_1_290' title='bbox 232 2842 389 2896; x_wconf 74' lang='lat' dir='ltr'><strong>simus,</strong></span> <span class='ocrx_word' id='word_1_291' title='bbox 420 2840 628 2882; x_wconf 90' lang='lat' dir='ltr'><strong>admonet</strong></span> <span class='ocrx_word' id='word_1_292' title='bbox 668 2850 753 2881; x_wconf 83' lang='lat' dir='ltr'><strong>nec</strong></span> <span class='ocrx_word' id='word_1_293' title='bbox 794 2839 961 2900; x_wconf 73' lang='lat' dir='ltr'><strong>patitur</strong></span> <span class='ocrx_word' id='word_1_294' title='bbox 1001 2838 1059 2880; x_wconf 86' lang='lat' dir='ltr'><strong>ad</strong></span> <span class='ocrx_word' id='word_1_295' title='bbox 1100 2850 1154 2880; x_wconf 89' lang='lat' dir='ltr'><strong>ea</strong></span> <span class='ocrx_word' id='word_1_296' title='bbox 1193 2851 1276 2880; x_wconf 89' lang='lat' dir='ltr'><strong>nos</strong></span> <span class='ocrx_word' id='word_1_297' title='bbox 1319 2839 1506 2880; x_wconf 87' lang='lat' dir='ltr'><strong>animum</strong></span> <span class='ocrx_word' id='word_1_298' title='bbox 1547 2837 1634 2878; x_wconf 89' lang='lat' dir='ltr'><strong>ad-</strong></span> 
     </span>
     <span class='ocr_line' id='line_1_40' title="bbox 226 2908 1633 2967; baseline -0.002 -16"><span class='ocrx_word' id='word_1_299' title='bbox 226 2908 438 2967; x_wconf 84' lang='lat' dir='ltr'><strong>jungere,</strong></span> <span class='ocrx_word' id='word_1_300' title='bbox 454 2920 585 2966; x_wconf 79' lang='lat' dir='ltr'><strong>quae</strong></span> <span class='ocrx_word' id='word_1_301' title='bbox 615 2909 805 2966; x_wconf 84' lang='lat' dir='ltr'><strong>aliquam</strong></span> <span class='ocrx_word' id='word_1_302' title='bbox 836 2908 999 2950; x_wconf 81' lang='lat' dir='ltr'><strong>nomini</strong></span> <span class='ocrx_word' id='word_1_303' title='bbox 1029 2911 1182 2950; x_wconf 84' lang='lat' dir='ltr'><strong>nostro</strong></span> <span class='ocrx_word' id='word_1_304' title='bbox 1216 2908 1288 2951; x_wconf 88' lang='lat' dir='ltr'><strong>vel</strong></span> <span class='ocrx_word' id='word_1_305' title='bbox 1328 2909 1633 2964; x_wconf 87' lang='lat' dir='ltr'><strong>intemperan-</strong></span> 
     </span>
    </p>
   </div>
   <div class='ocr_carea' id='block_1_5' title="bbox 265 3259 691 3658">
    <p class='ocr_par' dir='ltr' id='par_1_5' title="bbox 272 3259 585 3304">
     <span class='ocr_line' id='line_1_41' title="bbox 272 3259 585 3304; baseline -0.003 -12"><span class='ocrx_word' id='word_1_306' title='bbox 272 3259 302 3304; x_wconf 87' lang='lat'><strong>¹)</strong></span> <span class='ocrx_word' id='word_1_307' title='bbox 328 3259 434 3292; x_wconf 74' lang='lat' dir='ltr'><strong>Cons-</strong></span> <span class='ocrx_word' id='word_1_308' title='bbox 460 3259 531 3292; x_wconf 82' lang='lat'><strong>560</strong></span> <span class='ocrx_word' id='word_1_309' title='bbox 554 3270 585 3291; x_wconf 78' lang='lat' dir='ltr'><strong>a.</strong></span> 
     </span>
    </p>

    <p class='ocr_par' dir='ltr' id='par_1_6' title="bbox 265 3328 691 3588">
     <span class='ocr_line' id='line_1_42' title="bbox 268 3328 691 3374; baseline -0.002 -12"><span class='ocrx_word' id='word_1_310' title='bbox 268 3329 302 3374; x_wconf 79' lang='lat'><strong>²)</strong></span> <span class='ocrx_word' id='word_1_311' title='bbox 326 3329 433 3362; x_wconf 77' lang='lat' dir='ltr'><strong>Cous.</strong></span> <span class='ocrx_word' id='word_1_312' title='bbox 460 3328 528 3363; x_wconf 87' lang='grc'><strong>563</strong></span> <span class='ocrx_word' id='word_1_313' title='bbox 554 3340 576 3361; x_wconf 82' lang='lat' dir='ltr'><strong>a</strong></span> <span class='ocrx_word' id='word_1_314' title='bbox 601 3333 635 3361; x_wconf 83' lang='lat' dir='ltr'><strong>et</strong></span> <span class='ocrx_word' id='word_1_315' title='bbox 659 3329 691 3361; x_wconf 79' lang='lat' dir='ltr'><strong>b.</strong></span> 
     </span>
     <span class='ocr_line' id='line_1_43' title="bbox 265 3399 688 3444; baseline -0.002 -11"><span class='ocrx_word' id='word_1_316' title='bbox 265 3399 301 3444; x_wconf 65' lang='grc'><strong>8)</strong></span> <span class='ocrx_word' id='word_1_317' title='bbox 326 3399 432 3433; x_wconf 72' lang='lat' dir='ltr'><strong>Cone.</strong></span> <span class='ocrx_word' id='word_1_318' title='bbox 457 3399 526 3432; x_wconf 91' lang='grc'><strong>575</strong></span> <span class='ocrx_word' id='word_1_319' title='bbox 550 3409 573 3431; x_wconf 72' lang='lat' dir='ltr'><strong>a</strong></span> <span class='ocrx_word' id='word_1_320' title='bbox 597 3402 632 3432; x_wconf 84' lang='lat' dir='ltr'><strong>et</strong></span> <span class='ocrx_word' id='word_1_321' title='bbox 656 3399 688 3432; x_wconf 79' lang='lat' dir='ltr'><strong>b.</strong></span> 
     </span>
     <span class='ocr_line' id='line_1_44' title="bbox 269 3468 659 3516; baseline -0.003 -12"><span class='ocrx_word' id='word_1_322' title='bbox 269 3469 303 3516; x_wconf 79' lang='lat'><strong>⁴)</strong></span> <span class='ocrx_word' id='word_1_323' title='bbox 327 3469 433 3504; x_wconf 65' lang='lat' dir='ltr'><strong>ruse.</strong></span> <span class='ocrx_word' id='word_1_324' title='bbox 462 3469 493 3513; x_wconf 86' lang='lat'><strong>1,</strong></span> <span class='ocrx_word' id='word_1_325' title='bbox 519 3468 575 3511; x_wconf 83' lang='lat'><strong>30,</strong></span> <span class='ocrx_word' id='word_1_326' title='bbox 603 3468 659 3503; x_wconf 88' lang='grc'><strong>72.</strong></span> 
     </span>
     <span class='ocr_line' id='line_1_45' title="bbox 266 3540 583 3588; baseline -0.003 -13"><span class='ocrx_word' id='word_1_327' title='bbox 266 3542 301 3588; x_wconf 80' lang='lat'><strong>⁸)</strong></span> <span class='ocrx_word' id='word_1_328' title='bbox 326 3541 432 3579; x_wconf 70' lang='lat' dir='ltr'><strong>Cone.</strong></span> <span class='ocrx_word' id='word_1_329' title='bbox 458 3540 525 3574; x_wconf 90' lang='grc'><strong>575</strong></span> <span class='ocrx_word' id='word_1_330' title='bbox 551 3541 583 3574; x_wconf 77' lang='lat' dir='ltr'><strong>b.</strong></span> 
     </span>
    </p>

    <p class='ocr_par' dir='ltr' id='par_1_7' title="bbox 266 3611 583 3658">
     <span class='ocr_line' id='line_1_46' title="bbox 266 3611 583 3658; baseline -0.006 -13"><span class='ocrx_word' id='word_1_331' title='bbox 266 3611 302 3658; x_wconf 79' lang='lat'><strong>⁸)</strong></span> <span class='ocrx_word' id='word_1_332' title='bbox 327 3612 430 3647; x_wconf 76' lang='lat' dir='ltr'><strong>Cous.</strong></span> <span class='ocrx_word' id='word_1_333' title='bbox 458 3611 522 3645; x_wconf 88' lang='grc'><strong>551</strong></span> <span class='ocrx_word' id='word_1_334' title='bbox 552 3622 583 3644; x_wconf 79' lang='lat' dir='ltr'><strong>a.</strong></span> 
     </span>
    </p>
   </div>
   <div class='ocr_carea' id='block_1_6' title="bbox 2335 296 3367 551">
    <p class='ocr_par' dir='ltr' id='par_1_8' title="bbox 2335 296 3367 551">
     <span class='ocr_line' id='line_1_47' title="bbox 2335 296 3367 551; baseline 0 0"><span class='ocrx_word' id='word_1_335' title='bbox 2335 296 3367 551; x_wconf 95' lang='lat' dir='ltr'><strong>    </strong></span> 
     </span>
    </p>
   </div>
   <div class='ocr_carea' id='block_1_7' title="bbox 1916 254 2176 310">
    <p class='ocr_par' dir='ltr' id='par_1_9' title="bbox 1916 254 2176 310">
     <span class='ocr_line' id='line_1_48' title="bbox 1916 254 2176 310; baseline 0 3782"><span class='ocrx_word' id='word_1_336' title='bbox 1916 254 2176 310; x_wconf 95' lang='lat' dir='ltr'><strong> </strong></span> 
     </span>
    </p>
   </div>
   <div class='ocr_carea' id='block_1_8' title="bbox 1700 261 1897 318">
    <p class='ocr_par' dir='ltr' id='par_1_10' title="bbox 1700 261 1897 318">
     <span class='ocr_line' id='line_1_49' title="bbox 1700 261 1897 318; baseline 0.005 -9"><span class='ocrx_word' id='word_1_337' title='bbox 1700 262 1791 315; x_wconf 78' lang='lat' dir='ltr'><strong>tiae</strong></span> <span class='ocrx_word' id='word_1_338' title='bbox 1819 261 1897 318; x_wconf 80' lang='lat' dir='ltr'><strong>vel</strong></span> 
     </span>
    </p>
   </div>
   <div class='ocr_carea' id='block_1_9' title="bbox 1701 301 3165 552">
    <p class='ocr_par' dir='ltr' id='par_1_11' title="bbox 1701 299 3165 559">
     <span class='ocr_line' id='line_1_50' title="bbox 1701 301 3165 401; baseline 0.013 -24"><span class='ocrx_word' id='word_1_339' title='bbox 1701 332 1906 393; x_wconf 74' lang='lat' dir='ltr'><strong>quoniam</strong></span> <span class='ocrx_word' id='word_1_340' title='bbox 1944 313 2118 380; x_wconf 56' lang='lat' dir='ltr'><strong>natura</strong></span> <span class='ocrx_word' id='word_1_341' title='bbox 2145 301 2650 400; x_wconf 33' lang='lat' dir='ltr'><strong>mm</strong></span> <span class='ocrx_word' id='word_1_342' title='bbox 2992 382 3093 401; x_wconf 48' lang='grc' dir='ltr'><em>ι</em></span> <span class='ocrx_word' id='word_1_343' title='bbox 3160 358 3165 366; x_wconf 72' lang='lat'>‘</span> 
     </span>
     <span class='ocr_line' id='line_1_51' title="bbox 1701 397 3108 476; baseline 0.001 -13"><span class='ocrx_word' id='word_1_344' title='bbox 1701 403 1946 463; x_wconf 69' lang='lat' dir='ltr'><strong>P0⁰⁸¹¹¹⁸⁰2</strong></span> <span class='ocrx_word' id='word_1_345' title='bbox 1979 401 2028 462; x_wconf 72' lang='lat'><strong>²)</strong></span> <span class='ocrx_word' id='word_1_346' title='bbox 2071 404 2117 449; x_wconf 70' lang='lat'><strong>¹¹¹</strong></span> <span class='ocrx_word' id='word_1_347' title='bbox 2142 401 2385 476; x_wconf 59' lang='grc' dir='ltr'><strong>(ΨΜ,</strong></span> <span class='ocrx_word' id='word_1_348' title='bbox 2401 430 2448 446; x_wconf 52' lang='lat'><strong>‘—</strong></span> <span class='ocrx_word' id='word_1_349' title='bbox 2496 399 2537 405; x_wconf 33' lang='lat'><em>⁴</em></span> <span class='ocrx_word' id='word_1_350' title='bbox 2650 405 2659 415; x_wconf 62' lang='lat'>⁵</span> <span class='ocrx_word' id='word_1_351' title='bbox 2738 403 2750 412; x_wconf 51' lang='lat'><strong>³</strong></span> <span class='ocrx_word' id='word_1_352' title='bbox 2825 400 2875 436; x_wconf 50' lang='lat'><strong>⁷&gt;</strong></span> <span class='ocrx_word' id='word_1_353' title='bbox 2912 397 3108 471; x_wconf 49' lang='grc' dir='ltr'><strong>Ἡρ,”’ῗ,,””</strong></span> 
     </span>
     <span class='ocr_line' id='line_1_52' title="bbox 1702 454 3141 552; baseline -0.003 -32"><span class='ocrx_word' id='word_1_354' title='bbox 1702 475 1842 520; x_wconf 80' lang='lat' dir='ltr'><strong>simus</strong></span> <span class='ocrx_word' id='word_1_355' title='bbox 1862 470 2088 533; x_wconf 81' lang='lat' dir='ltr'><strong>aniiuo,ut</strong></span> <span class='ocrx_word' id='word_1_356' title='bbox 2115 472 2239 552; x_wconf 72' lang='lat' dir='ltr'><strong>diem</strong></span> <span class='ocrx_word' id='word_1_357' title='bbox 2260 454 2410 519; x_wconf 70' lang='lat' dir='ltr'><strong>obit-⁷⁸</strong></span> <span class='ocrx_word' id='word_1_358' title='bbox 2437 457 2652 523; x_wconf 63' lang='lat' dir='ltr'><strong>m</strong></span> <span class='ocrx_word' id='word_1_359' title='bbox 2661 475 2792 525; x_wconf 68' lang='lat' dir='ltr'><strong>nobb</strong></span> <span class='ocrx_word' id='word_1_360' title='bbox 2890 478 2913 548; x_wconf 46' lang='lat' dir='ltr'>g</span> <span class='ocrx_word' id='word_1_361' title='bbox 3136 510 3141 516; x_wconf 74' lang='grc'><strong>,</strong></span> 
     </span>
    </p>
   </div>
   <div class='ocr_carea' id='block_1_10' title="bbox 1703 625 2982 778">
    <p class='ocr_par' dir='ltr' id='par_1_12' title="bbox 1703 625 2982 778">
     <span class='ocr_line' id='line_1_53' title="bbox 1842 625 2982 703; baseline 0.007 -22"><span class='ocrx_word' id='word_1_362' title='bbox 1842 637 1912 682; x_wconf 90' lang='lat' dir='ltr'><strong>De</strong></span> <span class='ocrx_word' id='word_1_363' title='bbox 1953 637 2085 682; x_wconf 88' lang='lat' dir='ltr'><strong>animi</strong></span> <span class='ocrx_word' id='word_1_364' title='bbox 2123 635 2449 682; x_wconf 77' lang='lat' dir='ltr'><strong>immortalitate</strong></span> <span class='ocrx_word' id='word_1_365' title='bbox 2487 625 2660 703; x_wconf 64' lang='lat' dir='ltr'><strong>babes,</strong></span> <span class='ocrx_word' id='word_1_366' title='bbox 2683 646 2819 700; x_wconf 66' lang='lat' dir='ltr'><strong>ique</strong></span> <span class='ocrx_word' id='word_1_367' title='bbox 2857 638 2982 697; x_wconf 64' lang='lat' dir='ltr'><strong>diei</strong></span> 
     </span>
     <span class='ocr_line' id='line_1_54' title="bbox 1703 699 2967 778; baseline 0.005 -27"><span class='ocrx_word' id='word_1_368' title='bbox 1703 709 1819 766; x_wconf 66' lang='lat' dir='ltr'><strong>sinti</strong></span> <span class='ocrx_word' id='word_1_369' title='bbox 1851 721 1966 766; x_wconf 88' lang='lat' dir='ltr'><strong>quae</strong></span> <span class='ocrx_word' id='word_1_370' title='bbox 1997 709 2151 752; x_wconf 82' lang='lat' dir='ltr'><strong>etiam</strong></span> <span class='ocrx_word' id='word_1_371' title='bbox 2146 710 2290 768; x_wconf 85' lang='lat' dir='ltr'><strong>atque</strong></span> <span class='ocrx_word' id='word_1_372' title='bbox 2321 708 2452 752; x_wconf 78' lang='lat' dir='ltr'><strong>etiam</strong></span> <span class='ocrx_word' id='word_1_373' title='bbox 2482 704 2746 778; x_wconf 47' lang='lat' dir='ltr'><strong>considera,</strong></span> <span class='ocrx_word' id='word_1_374' title='bbox 2767 699 2846 755; x_wconf 76' lang='grc' dir='ltr'><strong>οἱ</strong></span> <span class='ocrx_word' id='word_1_375' title='bbox 2858 710 2967 772; x_wconf 66' lang='lat' dir='ltr'><strong>dub</strong></span> 
     </span>
    </p>
   </div>
   <div class='ocr_carea' id='block_1_11' title="bbox 1703 758 3099 913">
    <p class='ocr_par' dir='ltr' id='par_1_13' title="bbox 1703 758 3099 913">
     <span class='ocr_line' id='line_1_55' title="bbox 1704 758 3098 843; baseline 0.003 -24"><span class='ocrx_word' id='word_1_376' title='bbox 1704 779 1807 835; x_wconf 90' lang='lat' dir='ltr'><strong>quin</strong></span> <span class='ocrx_word' id='word_1_377' title='bbox 1837 778 1964 821; x_wconf 87' lang='lat' dir='ltr'><strong>Deus</strong></span> <span class='ocrx_word' id='word_1_378' title='bbox 2005 778 2162 836; x_wconf 78' lang='lat' dir='ltr'><strong>generi</strong></span> <span class='ocrx_word' id='word_1_379' title='bbox 2201 776 2390 821; x_wconf 81' lang='lat' dir='ltr'><strong>humano</strong></span> <span class='ocrx_word' id='word_1_380' title='bbox 2435 777 2662 842; x_wconf 55' lang='lat' dir='ltr'><strong>cona-lag·</strong></span> <span class='ocrx_word' id='word_1_381' title='bbox 2689 779 2797 836; x_wconf 73' lang='lat' dir='ltr'><strong>quin</strong></span> <span class='ocrx_word' id='word_1_382' title='bbox 2813 758 3098 843; x_wconf 57' lang='lat' dir='ltr'><strong>justinam</strong></span> 
     </span>
     <span class='ocr_line' id='line_1_56' title="bbox 1703 839 3099 913; baseline 0.006 -25"><span class='ocrx_word' id='word_1_383' title='bbox 1703 842 1800 889; x_wconf 70' lang='lat' dir='ltr'><strong>sit?</strong></span> <span class='ocrx_word' id='word_1_384' title='bbox 1832 845 2007 892; x_wconf 83' lang='lat' dir='ltr'><strong>Cernes</strong></span> <span class='ocrx_word' id='word_1_385' title='bbox 2051 860 2161 891; x_wconf 84' lang='lat' dir='ltr'><strong>vero</strong></span> <span class='ocrx_word' id='word_1_386' title='bbox 2191 847 2368 890; x_wconf 79' lang='lat' dir='ltr'><strong>virtutis</strong></span> <span class='ocrx_word' id='word_1_387' title='bbox 2398 839 2750 905; x_wconf 72' lang='lat' dir='ltr'><strong>aestimationem</strong></span> <span class='ocrx_word' id='word_1_388' title='bbox 2773 848 2971 909; x_wconf 60' lang='lat' dir='ltr'><strong>omnim</strong></span> <span class='ocrx_word' id='word_1_389' title='bbox 2994 862 3099 913; x_wconf 62' lang='lat' dir='ltr'><strong>pa-</strong></span> 
     </span>
    </p>
   </div>
   <div class='ocr_carea' id='block_1_12' title="bbox 1702 915 3098 1044">
    <p class='ocr_par' dir='ltr' id='par_1_14' title="bbox 1702 915 3098 1044">
     <span class='ocr_line' id='line_1_57' title="bbox 1703 915 3098 979; baseline 0.004 -20"><span class='ocrx_word' id='word_1_390' title='bbox 1703 917 1865 959; x_wconf 84' lang='lat' dir='ltr'><strong>ximam</strong></span> <span class='ocrx_word' id='word_1_391' title='bbox 1906 929 2014 961; x_wconf 85' lang='lat' dir='ltr'><strong>esse</strong></span> <span class='ocrx_word' id='word_1_392' title='bbox 2047 916 2094 975; x_wconf 79' lang='lat'><strong>⁸)</strong></span> <span class='ocrx_word' id='word_1_393' title='bbox 2136 915 2324 976; x_wconf 84' lang='lat' dir='ltr'><strong>ejusque</strong></span> <span class='ocrx_word' id='word_1_394' title='bbox 2353 915 2683 979; x_wconf 70' lang='lat' dir='ltr'><strong>amplitudinem</strong></span> <span class='ocrx_word' id='word_1_395' title='bbox 2711 928 2769 962; x_wconf 79' lang='lat' dir='ltr'><strong>ao</strong></span> <span class='ocrx_word' id='word_1_396' title='bbox 2795 918 2887 963; x_wconf 67' lang='lat' dir='ltr'><strong>vl·</strong></span> <span class='ocrx_word' id='word_1_397' title='bbox 2914 921 3098 979; x_wconf 61' lang='lat' dir='ltr'><strong>tantan,</strong></span> 
     </span>
     <span class='ocr_line' id='line_1_58' title="bbox 1702 984 3095 1044; baseline 0.005 -17"><span class='ocrx_word' id='word_1_398' title='bbox 1702 987 1752 1027; x_wconf 92' lang='lat' dir='ltr'><strong>ut</strong></span> <span class='ocrx_word' id='word_1_399' title='bbox 1789 984 2039 1044; x_wconf 85' lang='lat' dir='ltr'><strong>Critolaus,</strong></span> <span class='ocrx_word' id='word_1_400' title='bbox 2080 999 2211 1044; x_wconf 83' lang='lat' dir='ltr'><strong>quum</strong></span> <span class='ocrx_word' id='word_1_401' title='bbox 2254 987 2300 1030; x_wconf 86' lang='lat' dir='ltr'><strong>in</strong></span> <span class='ocrx_word' id='word_1_402' title='bbox 2345 986 2530 1030; x_wconf 76' lang='lat' dir='ltr'><strong>altera-</strong></span> <span class='ocrx_word' id='word_1_403' title='bbox 2568 985 2710 1030; x_wconf 75' lang='lat' dir='ltr'><strong>IIbrae</strong></span> <span class='ocrx_word' id='word_1_404' title='bbox 2748 985 2920 1031; x_wconf 76' lang='lat' dir='ltr'><strong>lanco-</strong></span> <span class='ocrx_word' id='word_1_405' title='bbox 2964 988 3095 1039; x_wconf 67' lang='lat' dir='ltr'><strong>nimi</strong></span> 
     </span>
    </p>
   </div>
   <div class='ocr_carea' id='block_1_13' title="bbox 1703 1040 3182 1116">
    <p class='ocr_par' dir='ltr' id='par_1_15' title="bbox 1703 1040 3182 1116">
     <span class='ocr_line' id='line_1_59' title="bbox 1703 1040 3182 1116; baseline 0.005 -18"><span class='ocrx_word' id='word_1_406' title='bbox 1703 1052 1835 1098; x_wconf 89' lang='lat' dir='ltr'><strong>bona</strong></span> <span class='ocrx_word' id='word_1_407' title='bbox 1850 1055 2061 1114; x_wconf 83' lang='lat' dir='ltr'><strong>imponat,</strong></span> <span class='ocrx_word' id='word_1_408' title='bbox 2091 1058 2136 1100; x_wconf 86' lang='lat' dir='ltr'><strong>in</strong></span> <span class='ocrx_word' id='word_1_409' title='bbox 2165 1056 2349 1102; x_wconf 84' lang='lat' dir='ltr'><strong>alteram</strong></span> <span class='ocrx_word' id='word_1_410' title='bbox 2380 1057 2584 1116; x_wconf 80' lang='lat' dir='ltr'><strong>corporis</strong></span> <span class='ocrx_word' id='word_1_411' title='bbox 2615 1059 2663 1101; x_wconf 91' lang='lat' dir='ltr'><strong>et</strong></span> <span class='ocrx_word' id='word_1_412' title='bbox 2692 1040 2901 1116; x_wconf 71' lang='lat' dir='ltr'><strong>externa,</strong></span> <span class='ocrx_word' id='word_1_413' title='bbox 2929 1060 3097 1104; x_wconf 67' lang='lat' dir='ltr'><strong>tantu-</strong></span> <span class='ocrx_word' id='word_1_414' title='bbox 3170 1100 3182 1106; x_wconf 81' lang='grc'><strong>-</strong></span> 
     </span>
    </p>
   </div>
   <div class='ocr_carea' id='block_1_14' title="bbox 1702 1125 3100 1464">
    <p class='ocr_par' dir='ltr' id='par_1_16' title="bbox 1702 1125 3100 1464">
     <span class='ocr_line' id='line_1_60' title="bbox 1702 1125 3100 1187; baseline 0.005 -20"><span class='ocrx_word' id='word_1_415' title='bbox 1702 1125 1987 1183; x_wconf 86' lang='lat' dir='ltr'><strong>propendere</strong></span> <span class='ocrx_word' id='word_1_416' title='bbox 2027 1127 2143 1170; x_wconf 88' lang='lat' dir='ltr'><strong>illam</strong></span> <span class='ocrx_word' id='word_1_417' title='bbox 2189 1128 2360 1172; x_wconf 90' lang='lat' dir='ltr'><strong>lancem</strong></span> <span class='ocrx_word' id='word_1_418' title='bbox 2400 1129 2546 1187; x_wconf 78' lang='lat' dir='ltr'><strong>putet,</strong></span> <span class='ocrx_word' id='word_1_419' title='bbox 2586 1129 2636 1177; x_wconf 87' lang='lat' dir='ltr'><strong>ut</strong></span> <span class='ocrx_word' id='word_1_420' title='bbox 2673 1129 2837 1171; x_wconf 81' lang='lat' dir='ltr'><strong>terram</strong></span> <span class='ocrx_word' id='word_1_421' title='bbox 2877 1130 2924 1172; x_wconf 85' lang='lat' dir='ltr'><strong>et</strong></span> <span class='ocrx_word' id='word_1_422' title='bbox 2959 1131 3100 1174; x_wconf 72' lang='lat' dir='ltr'><strong>maria</strong></span> 
     </span>
     <span class='ocr_line' id='line_1_61' title="bbox 1704 1187 3099 1259; baseline 0.004 -21"><span class='ocrx_word' id='word_1_423' title='bbox 1704 1195 1938 1254; x_wconf 85' lang='lat' dir='ltr'><strong>deprimat,</strong></span> <span class='ocrx_word' id='word_1_424' title='bbox 1972 1196 2020 1254; x_wconf 68' lang='grc' dir='ltr'><strong>ο)</strong></span> <span class='ocrx_word' id='word_1_425' title='bbox 2052 1209 2319 1256; x_wconf 86' lang='lat' dir='ltr'><strong>cernesque,</strong></span> <span class='ocrx_word' id='word_1_426' title='bbox 2335 1199 2408 1241; x_wconf 89' lang='lat' dir='ltr'><strong>ubi</strong></span> <span class='ocrx_word' id='word_1_427' title='bbox 2439 1201 2582 1241; x_wconf 84' lang='lat' dir='ltr'><strong>virtus</strong></span> <span class='ocrx_word' id='word_1_428' title='bbox 2613 1198 2674 1241; x_wconf 91' lang='lat' dir='ltr'><strong>sit</strong></span> <span class='ocrx_word' id='word_1_429' title='bbox 2701 1209 2866 1255; x_wconf 80' lang='lat' dir='ltr'><strong>resque</strong></span> <span class='ocrx_word' id='word_1_430' title='bbox 2894 1187 3099 1259; x_wconf 56' lang='lat' dir='ltr'><strong>magnae,</strong></span> 
     </span>
     <span class='ocr_line' id='line_1_62' title="bbox 1704 1265 3100 1326; baseline 0.003 -19"><span class='ocrx_word' id='word_1_431' title='bbox 1704 1265 1960 1309; x_wconf 85' lang='lat' dir='ltr'><strong>sumendae</strong></span> <span class='ocrx_word' id='word_1_432' title='bbox 1978 1265 2317 1326; x_wconf 83' lang='lat' dir='ltr'><strong>laudabilesque</strong></span> <span class='ocrx_word' id='word_1_433' title='bbox 2355 1270 2520 1311; x_wconf 86' lang='lat' dir='ltr'><strong>virtute</strong></span> <span class='ocrx_word' id='word_1_434' title='bbox 2558 1270 2747 1326; x_wconf 78' lang='lat' dir='ltr'><strong>gestae.</strong></span> <span class='ocrx_word' id='word_1_435' title='bbox 2768 1266 2845 1310; x_wconf 67' lang='lat' dir='ltr'><strong>ibi</strong></span> <span class='ocrx_word' id='word_1_436' title='bbox 2872 1279 2977 1312; x_wconf 70' lang='lat' dir='ltr'><strong>ecee</strong></span> <span class='ocrx_word' id='word_1_437' title='bbox 3002 1270 3100 1312; x_wconf 64' lang='lat' dir='ltr'><strong>mi-</strong></span> 
     </span>
     <span class='ocr_line' id='line_1_63' title="bbox 1703 1337 3100 1397; baseline 0.003 -19"><span class='ocrx_word' id='word_1_438' title='bbox 1703 1337 1878 1379; x_wconf 72' lang='lat' dir='ltr'><strong>aeriam</strong></span> <span class='ocrx_word' id='word_1_439' title='bbox 1919 1339 1967 1378; x_wconf 84' lang='lat' dir='ltr'><strong>et</strong></span> <span class='ocrx_word' id='word_1_440' title='bbox 2007 1349 2269 1380; x_wconf 73' lang='lat' dir='ltr'><strong>aerumnas</strong></span> <span class='ocrx_word' id='word_1_441' title='bbox 2317 1351 2417 1381; x_wconf 74' lang='lat' dir='ltr'><strong>non</strong></span> <span class='ocrx_word' id='word_1_442' title='bbox 2457 1351 2627 1397; x_wconf 72' lang='lat' dir='ltr'><strong>poue,</strong></span> <span class='ocrx_word' id='word_1_443' title='bbox 2667 1340 2858 1381; x_wconf 67' lang='lat' dir='ltr'><strong>tantum</strong></span> <span class='ocrx_word' id='word_1_444' title='bbox 2894 1337 3100 1382; x_wconf 63' lang='lat' dir='ltr'><strong>laborem</strong></span> 
     </span>
     <span class='ocr_line' id='line_1_64' title="bbox 1702 1394 2302 1464; baseline 0.005 -17"><span class='ocrx_word' id='word_1_445' title='bbox 1702 1418 1841 1463; x_wconf 75' lang='lat' dir='ltr'><strong>posse</strong></span> <span class='ocrx_word' id='word_1_446' title='bbox 1871 1409 1920 1448; x_wconf 84' lang='lat' dir='ltr'><strong>et</strong></span> <span class='ocrx_word' id='word_1_447' title='bbox 1945 1394 2225 1449; x_wconf 66' lang='lat' dir='ltr'><strong>moleeliam.</strong></span> <span class='ocrx_word' id='word_1_448' title='bbox 2255 1406 2302 1464; x_wconf 83' lang='lat'><strong>⁷)</strong></span> 
     </span>
    </p>
   </div>
   <div class='ocr_carea' id='block_1_15' title="bbox 1700 1566 3137 2327">
    <p class='ocr_par' dir='ltr' id='par_1_17' title="bbox 1700 1566 3137 2327">
     <span class='ocr_line' id='line_1_65' title="bbox 1845 1566 3099 1628; baseline 0.002 -17"><span class='ocrx_word' id='word_1_449' title='bbox 1845 1566 1971 1621; x_wconf 83' lang='lat' dir='ltr'><strong>Quae</strong></span> <span class='ocrx_word' id='word_1_450' title='bbox 2013 1580 2110 1612; x_wconf 89' lang='lat' dir='ltr'><strong>cum</strong></span> <span class='ocrx_word' id='word_1_451' title='bbox 2155 1567 2217 1612; x_wconf 90' lang='lat' dir='ltr'><strong>ita</strong></span> <span class='ocrx_word' id='word_1_452' title='bbox 2261 1569 2377 1625; x_wconf 90' lang='lat' dir='ltr'><strong>sint,</strong></span> <span class='ocrx_word' id='word_1_453' title='bbox 2423 1571 2523 1628; x_wconf 86' lang='lat' dir='ltr'><strong>quis</strong></span> <span class='ocrx_word' id='word_1_454' title='bbox 2568 1582 2656 1614; x_wconf 88' lang='lat' dir='ltr'><strong>non</strong></span> <span class='ocrx_word' id='word_1_455' title='bbox 2695 1567 2938 1627; x_wconf 81' lang='lat' dir='ltr'><strong>intelligat,</strong></span> <span class='ocrx_word' id='word_1_456' title='bbox 2969 1581 3099 1627; x_wconf 76' lang='lat' dir='ltr'><strong>quum</strong></span> 
     </span>
     <span class='ocr_line' id='line_1_66' title="bbox 1703 1636 3100 1698; baseline 0.002 -18"><span class='ocrx_word' id='word_1_457' title='bbox 1703 1636 1897 1681; x_wconf 89' lang='lat' dir='ltr'><strong>Deorum</strong></span> <span class='ocrx_word' id='word_1_458' title='bbox 1929 1638 2231 1692; x_wconf 78' lang='lat' dir='ltr'><strong>immortalium</strong></span> <span class='ocrx_word' id='word_1_459' title='bbox 2262 1640 2307 1682; x_wconf 85' lang='lat' dir='ltr'><strong>vi</strong></span> <span class='ocrx_word' id='word_1_460' title='bbox 2338 1642 2384 1683; x_wconf 85' lang='lat' dir='ltr'><strong>et</strong></span> <span class='ocrx_word' id='word_1_461' title='bbox 2413 1643 2597 1698; x_wconf 90' lang='lat' dir='ltr'><strong>natura,</strong></span> <span class='ocrx_word' id='word_1_462' title='bbox 2627 1640 2826 1697; x_wconf 87' lang='lat' dir='ltr'><strong>ratione,</strong></span> <span class='ocrx_word' id='word_1_463' title='bbox 2856 1641 3100 1698; x_wconf 79' lang='lat' dir='ltr'><strong>potestate,</strong></span> 
     </span>
     <span class='ocr_line' id='line_1_67' title="bbox 1702 1708 3100 1767; baseline 0.001 -17"><span class='ocrx_word' id='word_1_464' title='bbox 1702 1711 1866 1764; x_wconf 89' lang='lat' dir='ltr'><strong>mente,</strong></span> <span class='ocrx_word' id='word_1_465' title='bbox 1897 1710 2088 1767; x_wconf 86' lang='lat' dir='ltr'><strong>numine,</strong></span> <span class='ocrx_word' id='word_1_466' title='bbox 2120 1710 2218 1752; x_wconf 86' lang='lat' dir='ltr'><strong>sive</strong></span> <span class='ocrx_word' id='word_1_467' title='bbox 2249 1708 2366 1766; x_wconf 89' lang='lat' dir='ltr'><strong>quod</strong></span> <span class='ocrx_word' id='word_1_468' title='bbox 2397 1712 2469 1753; x_wconf 90' lang='lat' dir='ltr'><strong>est</strong></span> <span class='ocrx_word' id='word_1_469' title='bbox 2499 1708 2619 1753; x_wconf 86' lang='lat' dir='ltr'><strong>aliud</strong></span> <span class='ocrx_word' id='word_1_470' title='bbox 2648 1709 2848 1765; x_wconf 80' lang='lat' dir='ltr'><strong>verbum,</strong></span> <span class='ocrx_word' id='word_1_471' title='bbox 2879 1721 2966 1766; x_wconf 92' lang='lat' dir='ltr'><strong>quo</strong></span> <span class='ocrx_word' id='word_1_472' title='bbox 2996 1708 3100 1766; x_wconf 83' lang='lat' dir='ltr'><strong>pla-</strong></span> 
     </span>
     <span class='ocr_line' id='line_1_68' title="bbox 1702 1776 3097 1836; baseline 0.002 -18"><span class='ocrx_word' id='word_1_473' title='bbox 1702 1778 1803 1819; x_wconf 90' lang='lat' dir='ltr'><strong>nius</strong></span> <span class='ocrx_word' id='word_1_474' title='bbox 1836 1776 2099 1835; x_wconf 79' lang='lat' dir='ltr'><strong>significem,</strong></span> <span class='ocrx_word' id='word_1_475' title='bbox 2132 1777 2249 1836; x_wconf 93' lang='lat' dir='ltr'><strong>quod</strong></span> <span class='ocrx_word' id='word_1_476' title='bbox 2279 1779 2407 1836; x_wconf 90' lang='lat' dir='ltr'><strong>volo,</strong></span> <span class='ocrx_word' id='word_1_477' title='bbox 2440 1782 2595 1823; x_wconf 86' lang='lat' dir='ltr'><strong>natura</strong></span> <span class='ocrx_word' id='word_1_478' title='bbox 2634 1779 2777 1822; x_wconf 87' lang='lat' dir='ltr'><strong>omnis</strong></span> <span class='ocrx_word' id='word_1_479' title='bbox 2812 1781 3020 1836; x_wconf 78' lang='lat' dir='ltr'><strong>regatur:</strong></span> <span class='ocrx_word' id='word_1_480' title='bbox 3053 1777 3097 1832; x_wconf 76' lang='lat'><strong>⁸)</strong></span> 
     </span>
     <span class='ocr_line' id='line_1_69' title="bbox 1702 1847 3113 1906; baseline 0.001 -16"><span class='ocrx_word' id='word_1_481' title='bbox 1702 1847 1922 1890; x_wconf 88' lang='lat' dir='ltr'><strong>hominum</strong></span> <span class='ocrx_word' id='word_1_482' title='bbox 1963 1849 2083 1891; x_wconf 86' lang='lat' dir='ltr'><strong>vitae</strong></span> <span class='ocrx_word' id='word_1_483' title='bbox 2129 1849 2346 1906; x_wconf 85' lang='lat' dir='ltr'><strong>singulari</strong></span> <span class='ocrx_word' id='word_1_484' title='bbox 2392 1849 2585 1893; x_wconf 88' lang='lat' dir='ltr'><strong>bonitate</strong></span> <span class='ocrx_word' id='word_1_485' title='bbox 2630 1851 2676 1893; x_wconf 87' lang='lat' dir='ltr'><strong>et</strong></span> <span class='ocrx_word' id='word_1_486' title='bbox 2714 1847 3013 1892; x_wconf 73' lang='lat' dir='ltr'><strong>beneficentia</strong></span> <span class='ocrx_word' id='word_1_487' title='bbox 3050 1848 3113 1906; x_wconf 70' lang='lat' dir='ltr'><strong>⁹)r</strong></span> 
     </span>
     <span class='ocr_line' id='line_1_70' title="bbox 1703 1911 3137 1977; baseline 0 -16"><span class='ocrx_word' id='word_1_488' title='bbox 1703 1918 1875 1961; x_wconf 89' lang='lat' dir='ltr'><strong>consuli</strong></span> <span class='ocrx_word' id='word_1_489' title='bbox 1907 1920 1952 1961; x_wconf 91' lang='lat' dir='ltr'><strong>et</strong></span> <span class='ocrx_word' id='word_1_490' title='bbox 1982 1911 2243 1975; x_wconf 68' lang='lat' dir='ltr'><strong>provideri?</strong></span> <span class='ocrx_word' id='word_1_491' title='bbox 2270 1918 2335 1977; x_wconf 87' lang='lat'><strong>¹⁰)</strong></span> <span class='ocrx_word' id='word_1_492' title='bbox 2367 1918 2552 1962; x_wconf 82' lang='lat' dir='ltr'><strong>Tantum</strong></span> <span class='ocrx_word' id='word_1_493' title='bbox 2582 1919 2718 1977; x_wconf 84' lang='lat' dir='ltr'><strong>igitur</strong></span> <span class='ocrx_word' id='word_1_494' title='bbox 2746 1918 2892 1976; x_wconf 76' lang='lat' dir='ltr'><strong>abest,</strong></span> <span class='ocrx_word' id='word_1_495' title='bbox 2923 1920 2982 1962; x_wconf 72' lang='lat' dir='ltr'><strong>ut</strong></span> <span class='ocrx_word' id='word_1_496' title='bbox 3019 1921 3096 1961; x_wconf 80' lang='lat' dir='ltr'><strong>te-</strong></span> <span class='ocrx_word' id='word_1_497' title='bbox 3133 1920 3137 1924; x_wconf 82' lang='grc'><strong>“</strong></span> 
     </span>
     <span class='ocr_line' id='line_1_71' title="bbox 1701 1987 3101 2046; baseline 0.001 -17"><span class='ocrx_word' id='word_1_498' title='bbox 1701 2001 1828 2030; x_wconf 85' lang='lat' dir='ltr'><strong>mere</strong></span> <span class='ocrx_word' id='word_1_499' title='bbox 1857 2001 1914 2030; x_wconf 85' lang='lat' dir='ltr'><strong>ac</strong></span> <span class='ocrx_word' id='word_1_500' title='bbox 1941 1987 2146 2043; x_wconf 78' lang='lat' dir='ltr'><strong>fortuito</strong></span> <span class='ocrx_word' id='word_1_501' title='bbox 2175 1989 2274 2031; x_wconf 73' lang='lat' dir='ltr'><strong>sati</strong></span> <span class='ocrx_word' id='word_1_502' title='bbox 2303 1991 2352 2031; x_wconf 84' lang='lat' dir='ltr'><strong>et</strong></span> <span class='ocrx_word' id='word_1_503' title='bbox 2378 1990 2528 2032; x_wconf 76' lang='lat' dir='ltr'><strong>creati</strong></span> <span class='ocrx_word' id='word_1_504' title='bbox 2555 1990 2709 2032; x_wconf 70' lang='lat' dir='ltr'><strong>timue</strong></span> <span class='ocrx_word' id='word_1_505' title='bbox 2734 1988 2800 2046; x_wconf 84' lang='lat'><strong>¹¹)</strong></span> <span class='ocrx_word' id='word_1_506' title='bbox 2830 1992 2876 2031; x_wconf 83' lang='lat' dir='ltr'><strong>et</strong></span> <span class='ocrx_word' id='word_1_507' title='bbox 2905 1990 3101 2031; x_wconf 71' lang='lat' dir='ltr'><strong>nostrae</strong></span> 
     </span>
     <span class='ocr_line' id='line_1_72' title="bbox 1702 2055 3098 2117; baseline 0.001 -18"><span class='ocrx_word' id='word_1_508' title='bbox 1702 2069 1781 2099; x_wconf 68' lang='lat' dir='ltr'><strong>res</strong></span> <span class='ocrx_word' id='word_1_509' title='bbox 1810 2069 1841 2099; x_wconf 84' lang='lat' dir='ltr'><em>a</em></span> <span class='ocrx_word' id='word_1_510' title='bbox 1871 2055 1981 2099; x_wconf 72' lang='lat' dir='ltr'><strong>Diis</strong></span> <span class='ocrx_word' id='word_1_511' title='bbox 2011 2056 2340 2114; x_wconf 74' lang='lat' dir='ltr'><strong>neqliqantur,</strong></span> <span class='ocrx_word' id='word_1_512' title='bbox 2377 2057 2438 2112; x_wconf 77' lang='lat'><strong>¹¹¹)</strong></span> <span class='ocrx_word' id='word_1_513' title='bbox 2469 2060 2526 2117; x_wconf 69' lang='grc' dir='ltr'><strong>ιιι</strong></span> <span class='ocrx_word' id='word_1_514' title='bbox 2555 2056 2761 2115; x_wconf 51' lang='lat' dir='ltr'><strong>dili-qaut</strong></span> <span class='ocrx_word' id='word_1_515' title='bbox 2787 2069 2876 2100; x_wconf 76' lang='lat' dir='ltr'><strong>nos</strong></span> <span class='ocrx_word' id='word_1_516' title='bbox 2904 2055 3098 2115; x_wconf 75' lang='lat' dir='ltr'><strong>benefici</strong></span> 
     </span>
     <span class='ocr_line' id='line_1_73' title="bbox 1700 2125 3101 2186; baseline 0.001 -16"><span class='ocrx_word' id='word_1_517' title='bbox 1700 2128 1956 2185; x_wconf 76' lang='lat' dir='ltr'><strong>yenerique</strong></span> <span class='ocrx_word' id='word_1_518' title='bbox 1984 2125 2227 2174; x_wconf 71' lang='lat' dir='ltr'><strong>hominum</strong></span> <span class='ocrx_word' id='word_1_519' title='bbox 2254 2128 2400 2171; x_wconf 78' lang='lat' dir='ltr'><strong>amici</strong></span> <span class='ocrx_word' id='word_1_520' title='bbox 2426 2126 2491 2185; x_wconf 80' lang='lat'><strong>¹³)</strong></span> <span class='ocrx_word' id='word_1_521' title='bbox 2517 2140 2668 2186; x_wconf 78' lang='lat' dir='ltr'><strong>neque</strong></span> <span class='ocrx_word' id='word_1_522' title='bbox 2696 2128 2920 2172; x_wconf 70' lang='lat' dir='ltr'><strong>universo</strong></span> <span class='ocrx_word' id='word_1_523' title='bbox 2936 2128 3101 2185; x_wconf 63' lang='lat' dir='ltr'><strong>genera·</strong></span> 
     </span>
     <span class='ocr_line' id='line_1_74' title="bbox 1706 2195 3106 2255; baseline 0 -16"><span class='ocrx_word' id='word_1_524' title='bbox 1706 2195 1952 2240; x_wconf 77' lang='lat' dir='ltr'><strong>hominum</strong></span> <span class='ocrx_word' id='word_1_525' title='bbox 1997 2196 2175 2254; x_wconf 74' lang='lat' dir='ltr'><strong>solum,</strong></span> <span class='ocrx_word' id='word_1_526' title='bbox 2221 2197 2306 2240; x_wconf 72' lang='lat' dir='ltr'><strong>sed</strong></span> <span class='ocrx_word' id='word_1_527' title='bbox 2348 2199 2492 2240; x_wconf 77' lang='lat' dir='ltr'><strong>etiam</strong></span> <span class='ocrx_word' id='word_1_528' title='bbox 2537 2196 2768 2254; x_wconf 70' lang='lat' dir='ltr'><strong>siny&#39;uh&#39;e,</strong></span> <span class='ocrx_word' id='word_1_529' title='bbox 2807 2198 2890 2255; x_wconf 78' lang='lat' dir='ltr'><strong>qui</strong></span> <span class='ocrx_word' id='word_1_530' title='bbox 2931 2196 3106 2255; x_wconf 54' lang='lat' dir='ltr'><strong>ubique</strong></span> 
     </span>
     <span class='ocr_line' id='line_1_75' title="bbox 1705 2266 3105 2327; baseline 0.001 -18"><span class='ocrx_word' id='word_1_531' title='bbox 1705 2267 1819 2325; x_wconf 74' lang='lat' dir='ltr'><strong>sint,</strong></span> <span class='ocrx_word' id='word_1_532' title='bbox 1849 2279 2129 2326; x_wconf 78' lang='lat' dir='ltr'><strong>quacunque</strong></span> <span class='ocrx_word' id='word_1_533' title='bbox 2169 2267 2244 2327; x_wconf 61' lang='lat'><strong>²⁶¹⁸„</strong></span> <span class='ocrx_word' id='word_1_534' title='bbox 2263 2279 2349 2311; x_wconf 81' lang='lat' dir='ltr'><strong>ora</strong></span> <span class='ocrx_word' id='word_1_535' title='bbox 2390 2280 2448 2311; x_wconf 85' lang='lat' dir='ltr'><strong>ac</strong></span> <span class='ocrx_word' id='word_1_536' title='bbox 2486 2269 2624 2326; x_wconf 80' lang='lat' dir='ltr'><strong>parte</strong></span> <span class='ocrx_word' id='word_1_537' title='bbox 2654 2268 2969 2311; x_wconf 77' lang='lat' dir='ltr'><strong>terrarum‘et</strong></span> <span class='ocrx_word' id='word_1_538' title='bbox 2995 2266 3105 2310; x_wconf 75' lang='lat' dir='ltr'><strong>cui-</strong></span> 
     </span>
    </p>
   </div>
   <div class='ocr_carea' id='block_1_16' title="bbox 1738 2650 2220 2975">
    <p class='ocr_par' dir='ltr' id='par_1_18' title="bbox 1739 2650 2220 2767">
     <span class='ocr_line' id='line_1_76' title="bbox 1744 2650 2220 2698; baseline 0 -12"><span class='ocrx_word' id='word_1_539' title='bbox 1744 2650 1774 2698; x_wconf 85' lang='lat'><strong>¹]</strong></span> <span class='ocrx_word' id='word_1_540' title='bbox 1800 2650 1904 2687; x_wconf 84' lang='lat' dir='ltr'><strong>Cons.</strong></span> <span class='ocrx_word' id='word_1_541' title='bbox 1931 2650 1999 2687; x_wconf 83' lang='lat'><strong>554</strong></span> <span class='ocrx_word' id='word_1_542' title='bbox 2024 2661 2066 2696; x_wconf 71' lang='grc' dir='ltr'><strong>ιι,</strong></span> <span class='ocrx_word' id='word_1_543' title='bbox 2091 2650 2160 2688; x_wconf 81' lang='grc'><strong>569</strong></span> <span class='ocrx_word' id='word_1_544' title='bbox 2185 2660 2220 2687; x_wconf 78' lang='lat' dir='ltr'><strong>a.</strong></span> 
     </span>
     <span class='ocr_line' id='line_1_77' title="bbox 1739 2719 2055 2767; baseline -0.003 -11"><span class='ocrx_word' id='word_1_545' title='bbox 1739 2719 1772 2767; x_wconf 85' lang='lat'><strong>²)</strong></span> <span class='ocrx_word' id='word_1_546' title='bbox 1798 2720 1903 2756; x_wconf 84' lang='lat' dir='ltr'><strong>Gons.</strong></span> <span class='ocrx_word' id='word_1_547' title='bbox 1930 2720 1997 2756; x_wconf 83' lang='grc'><strong>552</strong></span> <span class='ocrx_word' id='word_1_548' title='bbox 2025 2730 2055 2755; x_wconf 80' lang='lat' dir='ltr'><strong>a.</strong></span> 
     </span>
    </p>

    <p class='ocr_par' dir='ltr' id='par_1_19' title="bbox 1740 2790 2156 2837">
     <span class='ocr_line' id='line_1_78' title="bbox 1740 2790 2156 2837; baseline -0.005 -11"><span class='ocrx_word' id='word_1_549' title='bbox 1740 2790 1774 2837; x_wconf 84' lang='lat'><strong>⁸)</strong></span> <span class='ocrx_word' id='word_1_550' title='bbox 1802 2791 1920 2826; x_wconf 79' lang='lat' dir='ltr'><strong>Somn.</strong></span> <span class='ocrx_word' id='word_1_551' title='bbox 1947 2791 2041 2836; x_wconf 80' lang='lat' dir='ltr'><strong>Scip.</strong></span> <span class='ocrx_word' id='word_1_552' title='bbox 2068 2801 2098 2825; x_wconf 85' lang='grc' dir='ltr'><strong>ο.</strong></span> <span class='ocrx_word' id='word_1_553' title='bbox 2123 2790 2156 2824; x_wconf 87' lang='grc'><strong>9.</strong></span> 
     </span>
    </p>

    <p class='ocr_par' dir='ltr' id='par_1_20' title="bbox 1742 2860 2155 2906">
     <span class='ocr_line' id='line_1_79' title="bbox 1742 2860 2155 2906; baseline 0.002 -11"><span class='ocrx_word' id='word_1_554' title='bbox 1742 2860 1775 2906; x_wconf 85' lang='lat'><strong>⁴)</strong></span> <span class='ocrx_word' id='word_1_555' title='bbox 1800 2861 1906 2895; x_wconf 70' lang='lat' dir='ltr'><strong>Tunc.</strong></span> <span class='ocrx_word' id='word_1_556' title='bbox 1936 2861 1966 2905; x_wconf 89' lang='lat'><strong>1,</strong></span> <span class='ocrx_word' id='word_1_557' title='bbox 1993 2861 2049 2904; x_wconf 78' lang='lat'><strong>49,</strong></span> <span class='ocrx_word' id='word_1_558' title='bbox 2079 2861 2155 2897; x_wconf 88' lang='grc'><strong>118.</strong></span> 
     </span>
    </p>

    <p class='ocr_par' dir='ltr' id='par_1_21' title="bbox 1738 2929 2101 2975">
     <span class='ocr_line' id='line_1_80' title="bbox 1738 2929 2101 2975; baseline 0 -11"><span class='ocrx_word' id='word_1_559' title='bbox 1738 2929 1773 2975; x_wconf 78' lang='lat'><strong>⁵)</strong></span> <span class='ocrx_word' id='word_1_560' title='bbox 1799 2931 1874 2964; x_wconf 78' lang='lat' dir='ltr'><strong>Fin.</strong></span> <span class='ocrx_word' id='word_1_561' title='bbox 1900 2931 1933 2974; x_wconf 87' lang='lat'><strong>3,</strong></span> <span class='ocrx_word' id='word_1_562' title='bbox 1962 2931 2015 2973; x_wconf 87' lang='grc'><strong>13,</strong></span> <span class='ocrx_word' id='word_1_563' title='bbox 2044 2929 2101 2964; x_wconf 86' lang='grc'><strong>43.</strong></span> 
     </span>
    </p>
   </div>
   <div class='ocr_carea' id='block_1_17' title="bbox 1738 2998 3101 3046">
    <p class='ocr_par' dir='ltr' id='par_1_22' title="bbox 1738 2998 3101 3046">
     <span class='ocr_line' id='line_1_81' title="bbox 1738 2998 3101 3046; baseline 0.001 -11"><span class='ocrx_word' id='word_1_564' title='bbox 1738 2998 1773 3046; x_wconf 79' lang='lat'><strong>⁸]</strong></span> <span class='ocrx_word' id='word_1_565' title='bbox 1797 3001 1903 3036; x_wconf 71' lang='lat' dir='ltr'><strong>Tuse.</strong></span> <span class='ocrx_word' id='word_1_566' title='bbox 1929 3000 1962 3041; x_wconf 94' lang='grc'><strong>5,</strong></span> <span class='ocrx_word' id='word_1_567' title='bbox 1991 3000 2045 3043; x_wconf 88' lang='grc'><strong>17,</strong></span> <span class='ocrx_word' id='word_1_568' title='bbox 2072 2999 2129 3036; x_wconf 93' lang='grc'><strong>51.</strong></span> <span class='ocrx_word' id='word_1_569' title='bbox 2164 3000 2221 3035; x_wconf 82' lang='lat' dir='ltr'><strong>fin.</strong></span> <span class='ocrx_word' id='word_1_570' title='bbox 2248 3000 2280 3040; x_wconf 83' lang='lat'><strong>5.</strong></span> <span class='ocrx_word' id='word_1_571' title='bbox 2306 3000 2363 3039; x_wconf 87' lang='grc'><strong>30.</strong></span> <span class='ocrx_word' id='word_1_572' title='bbox 2386 3001 2454 3046; x_wconf 81' lang='grc'><strong>92;</strong></span> <span class='ocrx_word' id='word_1_573' title='bbox 2480 3001 2558 3037; x_wconf 79' lang='lat' dir='ltr'><strong>coll.</strong></span> <span class='ocrx_word' id='word_1_574' title='bbox 2585 3001 2618 3041; x_wconf 82' lang='grc'><strong>3.</strong></span> <span class='ocrx_word' id='word_1_575' title='bbox 2647 3001 2699 3039; x_wconf 87' lang='grc'><strong>13.</strong></span> <span class='ocrx_word' id='word_1_576' title='bbox 2726 3001 2783 3038; x_wconf 78' lang='grc'><strong>43.</strong></span> <span class='ocrx_word' id='word_1_577' title='bbox 2824 3001 2883 3037; x_wconf 72' lang='lat' dir='ltr'><strong>off.</strong></span> <span class='ocrx_word' id='word_1_578' title='bbox 2916 3001 2949 3042; x_wconf 83' lang='lat'><strong>3,</strong></span> <span class='ocrx_word' id='word_1_579' title='bbox 2975 3000 3007 3038; x_wconf 82' lang='lat'><strong>3.</strong></span> <span class='ocrx_word' id='word_1_580' title='bbox 3037 3001 3101 3045; x_wconf 77' lang='lat'><strong>1¹3</strong></span> 
     </span>
    </p>
   </div>
   <div class='ocr_carea' id='block_1_18' title="bbox 1798 3057 3097 3157">
    <p class='ocr_par' dir='ltr' id='par_1_23' title="bbox 1798 3057 3097 3157">
     <span class='ocr_line' id='line_1_82' title="bbox 1798 3057 3097 3151; baseline 0 -56"><span class='ocrx_word' id='word_1_581' title='bbox 1798 3059 1831 3151; x_wconf 60' lang='grc' dir='ltr'><strong>ἓ,</strong></span> <span class='ocrx_word' id='word_1_582' title='bbox 1858 3061 1890 3103; x_wconf 87' lang='grc'><strong>5,</strong></span> <span class='ocrx_word' id='word_1_583' title='bbox 1917 3059 1973 3094; x_wconf 88' lang='grc'><strong>26.</strong></span> <span class='ocrx_word' id='word_1_584' title='bbox 1995 3059 2103 3095; x_wconf 70' lang='lat' dir='ltr'><strong>Taso.</strong></span> <span class='ocrx_word' id='word_1_585' title='bbox 2130 3059 2163 3105; x_wconf 85' lang='lat'><strong>2,</strong></span> <span class='ocrx_word' id='word_1_586' title='bbox 2194 3058 2246 3105; x_wconf 86' lang='lat'><strong>13,</strong></span> <span class='ocrx_word' id='word_1_587' title='bbox 2272 3060 2328 3098; x_wconf 82' lang='lat'><strong>30.</strong></span> <span class='ocrx_word' id='word_1_588' title='bbox 2354 3060 2458 3097; x_wconf 85' lang='lat' dir='ltr'><strong>Cous.</strong></span> <span class='ocrx_word' id='word_1_589' title='bbox 2483 3062 2553 3098; x_wconf 87' lang='grc'><strong>550</strong></span> <span class='ocrx_word' id='word_1_590' title='bbox 2577 3073 2599 3097; x_wconf 75' lang='lat' dir='ltr'><strong>a</strong></span> <span class='ocrx_word' id='word_1_591' title='bbox 2622 3066 2657 3097; x_wconf 86' lang='lat' dir='ltr'><strong>et</strong></span> <span class='ocrx_word' id='word_1_592' title='bbox 2682 3061 2747 3097; x_wconf 85' lang='grc'><strong>551</strong></span> <span class='ocrx_word' id='word_1_593' title='bbox 2774 3060 2909 3096; x_wconf 57' lang='lat' dir='ltr'><strong>belm.</strong></span> <span class='ocrx_word' id='word_1_594' title='bbox 2939 3060 3041 3096; x_wconf 85' lang='lat' dir='ltr'><strong>Deor.</strong></span> <span class='ocrx_word' id='word_1_595' title='bbox 3062 3057 3097 3107; x_wconf 85' lang='lat'><strong>3,</strong></span> 
     </span>
     <span class='ocr_line' id='line_1_83' title="bbox 1823 3119 1941 3157; baseline -0.008 -6"><span class='ocrx_word' id='word_1_596' title='bbox 1823 3119 1855 3157; x_wconf 83' lang='lat'><strong>2,</strong></span> <span class='ocrx_word' id='word_1_597' title='bbox 1883 3119 1941 3151; x_wconf 82' lang='lat'><strong>79.</strong></span> 
     </span>
    </p>
   </div>
   <div class='ocr_carea' id='block_1_19' title="bbox 1730 3186 2493 3654">
    <p class='ocr_par' dir='ltr' id='par_1_24' title="bbox 1740 3186 2378 3231">
     <span class='ocr_line' id='line_1_84' title="bbox 1740 3186 2378 3231; baseline 0.002 -11"><span class='ocrx_word' id='word_1_598' title='bbox 1740 3188 1774 3231; x_wconf 76' lang='grc'><strong>7)</strong></span> <span class='ocrx_word' id='word_1_599' title='bbox 1800 3188 1875 3220; x_wconf 68' lang='lat' dir='ltr'><strong>rin.</strong></span> <span class='ocrx_word' id='word_1_600' title='bbox 1902 3189 1935 3229; x_wconf 89' lang='lat'><strong>5,</strong></span> <span class='ocrx_word' id='word_1_601' title='bbox 1961 3187 2019 3227; x_wconf 86' lang='lat'><strong>32,</strong></span> <span class='ocrx_word' id='word_1_602' title='bbox 2046 3186 2102 3220; x_wconf 82' lang='grc'><strong>95.</strong></span> <span class='ocrx_word' id='word_1_603' title='bbox 2136 3187 2260 3220; x_wconf 58' lang='lat' dir='ltr'><strong>ram.</strong></span> <span class='ocrx_word' id='word_1_604' title='bbox 2286 3187 2319 3231; x_wconf 88' lang='lat'><strong>2,</strong></span> <span class='ocrx_word' id='word_1_605' title='bbox 2348 3189 2378 3221; x_wconf 89' lang='lat'><strong>1.</strong></span> 
     </span>
    </p>

    <p class='ocr_par' dir='ltr' id='par_1_25' title="bbox 1739 3256 2493 3371">
     <span class='ocr_line' id='line_1_85' title="bbox 1739 3256 2493 3303; baseline 0 -13"><span class='ocrx_word' id='word_1_606' title='bbox 1739 3257 1774 3301; x_wconf 87' lang='lat'><strong>⁸)</strong></span> <span class='ocrx_word' id='word_1_607' title='bbox 1799 3258 1909 3300; x_wconf 74' lang='lat' dir='ltr'><strong>Legg.</strong></span> <span class='ocrx_word' id='word_1_608' title='bbox 1926 3256 1969 3299; x_wconf 73' lang='lat'><strong>‘1,</strong></span> <span class='ocrx_word' id='word_1_609' title='bbox 1996 3257 2028 3298; x_wconf 92' lang='grc'><strong>7,</strong></span> <span class='ocrx_word' id='word_1_610' title='bbox 2054 3256 2112 3289; x_wconf 89' lang='grc'><strong>21.</strong></span> <span class='ocrx_word' id='word_1_611' title='bbox 2145 3258 2201 3289; x_wconf 80' lang='lat' dir='ltr'><strong>fin.</strong></span> <span class='ocrx_word' id='word_1_612' title='bbox 2227 3257 2260 3299; x_wconf 81' lang='lat'><strong>3,</strong></span> <span class='ocrx_word' id='word_1_613' title='bbox 2285 3258 2341 3301; x_wconf 87' lang='grc'><strong>22,</strong></span> <span class='ocrx_word' id='word_1_614' title='bbox 2368 3258 2413 3292; x_wconf 88' lang='grc'><strong>73</strong></span> <span class='ocrx_word' id='word_1_615' title='bbox 2438 3268 2493 3303; x_wconf 80' lang='lat' dir='ltr'><strong>sq.</strong></span> 
     </span>
     <span class='ocr_line' id='line_1_86' title="bbox 1739 3315 2254 3371; baseline 0 -11"><span class='ocrx_word' id='word_1_616' title='bbox 1739 3327 1774 3371; x_wconf 78' lang='grc' dir='ltr'><strong>ο)</strong></span> <span class='ocrx_word' id='word_1_617' title='bbox 1799 3327 1878 3360; x_wconf 62' lang='lat' dir='ltr'><strong>Nn.</strong></span> <span class='ocrx_word' id='word_1_618' title='bbox 1902 3327 2007 3359; x_wconf 76' lang='lat' dir='ltr'><strong>neor.</strong></span> <span class='ocrx_word' id='word_1_619' title='bbox 2035 3326 2065 3368; x_wconf 83' lang='lat'><strong>1,</strong></span> <span class='ocrx_word' id='word_1_620' title='bbox 2092 3327 2148 3369; x_wconf 79' lang='lat'><strong>⁴3,</strong></span> <span class='ocrx_word' id='word_1_621' title='bbox 2177 3315 2254 3360; x_wconf 79' lang='lat'><strong>121.</strong></span> 
     </span>
    </p>

    <p class='ocr_par' dir='ltr' id='par_1_26' title="bbox 1730 3395 2188 3441">
     <span class='ocr_line' id='line_1_87' title="bbox 1730 3395 2188 3441; baseline 0.002 -12"><span class='ocrx_word' id='word_1_622' title='bbox 1730 3396 1777 3441; x_wconf 84' lang='lat'><strong>¹⁰)</strong></span> <span class='ocrx_word' id='word_1_623' title='bbox 1802 3397 1881 3430; x_wconf 79' lang='lat' dir='ltr'><strong>Nat.</strong></span> <span class='ocrx_word' id='word_1_624' title='bbox 1907 3396 2011 3429; x_wconf 84' lang='lat' dir='ltr'><strong>Deor.</strong></span> <span class='ocrx_word' id='word_1_625' title='bbox 2039 3396 2069 3436; x_wconf 83' lang='lat'><strong>1,</strong></span> <span class='ocrx_word' id='word_1_626' title='bbox 2096 3395 2129 3437; x_wconf 89' lang='grc'><strong>2,</strong></span> <span class='ocrx_word' id='word_1_627' title='bbox 2154 3396 2188 3430; x_wconf 82' lang='grc'><strong>4.</strong></span> 
     </span>
    </p>

    <p class='ocr_par' dir='ltr' id='par_1_27' title="bbox 1732 3465 2159 3513">
     <span class='ocr_line' id='line_1_88' title="bbox 1732 3465 2159 3513; baseline 0.002 -13"><span class='ocrx_word' id='word_1_628' title='bbox 1732 3467 1778 3513; x_wconf 84' lang='lat'><strong>¹¹)</strong></span> <span class='ocrx_word' id='word_1_629' title='bbox 1804 3467 1910 3500; x_wconf 72' lang='lat' dir='ltr'><strong>Tuso.</strong></span> <span class='ocrx_word' id='word_1_630' title='bbox 1939 3466 1968 3510; x_wconf 89' lang='lat'><strong>1,</strong></span> <span class='ocrx_word' id='word_1_631' title='bbox 1994 3465 2051 3510; x_wconf 76' lang='lat'><strong>49,</strong></span> <span class='ocrx_word' id='word_1_632' title='bbox 2082 3466 2159 3501; x_wconf 89' lang='grc'><strong>118.</strong></span> 
     </span>
    </p>

    <p class='ocr_par' dir='ltr' id='par_1_28' title="bbox 1731 3537 2132 3584">
     <span class='ocr_line' id='line_1_89' title="bbox 1731 3537 2132 3584; baseline 0.002 -13"><span class='ocrx_word' id='word_1_633' title='bbox 1731 3538 1779 3584; x_wconf 86' lang='lat'><strong>¹²)</strong></span> <span class='ocrx_word' id='word_1_634' title='bbox 1802 3538 1908 3571; x_wconf 75' lang='lat' dir='ltr'><strong>Taso.</strong></span> <span class='ocrx_word' id='word_1_635' title='bbox 1937 3537 1967 3581; x_wconf 89' lang='lat'><strong>1,</strong></span> <span class='ocrx_word' id='word_1_636' title='bbox 1993 3538 2049 3582; x_wconf 78' lang='lat'><strong>41,</strong></span> <span class='ocrx_word' id='word_1_637' title='bbox 2076 3538 2132 3572; x_wconf 80' lang='lat'><strong>99.</strong></span> 
     </span>
    </p>

    <p class='ocr_par' dir='ltr' id='par_1_29' title="bbox 1730 3607 2022 3654">
     <span class='ocr_line' id='line_1_90' title="bbox 1730 3607 2022 3654; baseline 0 -12"><span class='ocrx_word' id='word_1_638' title='bbox 1730 3608 1778 3654; x_wconf 84' lang='lat'><strong>¹³)</strong></span> <span class='ocrx_word' id='word_1_639' title='bbox 1803 3608 1881 3642; x_wconf 79' lang='lat' dir='ltr'><strong>mv.</strong></span> <span class='ocrx_word' id='word_1_640' title='bbox 1910 3609 1940 3654; x_wconf 86' lang='lat'><strong>1,</strong></span> <span class='ocrx_word' id='word_1_641' title='bbox 1966 3607 2022 3642; x_wconf 86' lang='lat'><strong>38.</strong></span> 
     </span>
    </p>
   </div>
  </div>
 </body>
</html>
