3367 4092
244 322 437 384 planu
449 321 548 378 fleri
575 321 725 388 possit
737 353 753 382 ,
782 323 858 382 qni
888 323 1057 368 animos
1087 321 1218 368 simui
1247 332 1347 368 οιιι
1376 321 1640 382 corporibus

242 394 426 439 interire
454 373 721 452 contendat,
753 404 853 437 eum
893 396 1051 437 contra
1081 395 1311 451 rationem,
1341 392 1464 454 ιιιιψ
1491 393 1640 436 nixum

242 464 431 521 ratione,
461 473 679 525 pugnare.
717 462 761 520 ¹)
802 461 976 517 Quodsi
1005 466 1313 522 argumentum
1341 461 1640 528 quaerendum

242 535 320 593 ait,
349 535 550 579 naturam
578 534 722 592 ipsam
753 532 810 578 de
839 534 1163 590 immortalitate
1192 533 1431 587 animorum
1461 532 1640 577 tacitam

236 602 472 671 judicare,
513 603 621 644 illud
666 605 898 645 maximum
940 605 1036 660 est,
1076 602 1217 660 quod·
1239 601 1457 656 omnibus
1495 613 1642 644 eurae

200 722 208 729 ο
240 676 362 725 eunt
398 675 446 715 et
483 675 725 715 maximae
768 674 979 732 quidem,
1010 685 1131 731 quae
1169 675 1280 730 poet
1316 675 1511 714 mortem
1548 671 1639 728 fu-

243 731 358 785 tura
378 745 492 785 sint.
517 743 565 799 ²)
597 741 768 795 Quibus
801 757 859 786 ex
888 743 1232 799 cogitationibus
1263 746 1397 798 atque
1428 742 1639 798 operibus

244 812 352 857 nihil
392 811 537 867 aliud,
579 814 667 856 nisi
709 813 899 857 divinoe
940 824 1044 856 esee
1087 811 1196 856 illoc
1239 815 1287 855 et
1329 813 1641 868 sempiternos

242 879 457 939 colligere
486 895 754 940 possumus3
785 894 884 927 nam
910 883 949 926 si
976 881 1277 927 aedificiorum
1298 881 1639 940 magnitudinem

241 955 375 1009 atque
415 953 641 1009 ornatum,
673 953 712 996 si
752 954 1031 995 monumenta
1070 952 1313 1008 literarum,
1344 953 1385 996 si
1425 952 1639 1009 pecuniae

244 1023 332 1066 vim
377 1020 586 1068 infinitam
633 1024 677 1065 in
718 1035 795 1066 res
834 1024 1024 1066 maxime
1062 1022 1251 1066 stabiles
1283 1025 1329 1067 et
1358 1020 1638 1066 admirandas

243 1091 456 1149 effusam,
487 1093 527 1137 si
567 1092 851 1150 plurimarum
895 1093 1268 1150 maximarumque
1308 1104 1453 1137 rerum
1494 1090 1639 1149 adep-

243 1162 406 1208 tionem
466 1162 667 1221 cogitare
726 1156 1021 1208 voluerimus:
1067 1161 1272 1221 profecto
1326 1161 1640 1220 intelligemuS,

206 1242 219 1254 ·
243 1231 359 1279 haec
391 1244 610 1300 nunquam
640 1231 860 1278 facturum
893 1232 1035 1278 fuisse
1065 1232 1298 1291 hominem,
1326 1233 1410 1278 nisi
1441 1232 1638 1278 diutur-

244 1304 445 1348 nitatem
475 1300 700 1361 temporis
730 1305 973 1363 ipsamque
1013 1303 1342 1349 aeternitatem
1380 1302 1640 1362 plurimum

243 1373 310 1419 ad
343 1386 395 1418 se
421 1375 664 1432 pertinere
693 1376 1007 1420 eaeistimaret.
1042 1374 1089 1431 ὅ)
1132 1399 1188 1406 -
1230 1373 1347 1429 Quid
1388 1375 1638 1431 procreatio

242 1443 495 1502 liberorum,
528 1444 633 1502 quid
663 1446 927 1503 propagatio
958 1446 1160 1502 nominis,
1193 1444 1298 1502 quid
1328 1444 1638 1501 adoptationes

243 1514 455 1571 filiorum,
501 1514 606 1571 quid
653 1518 1015 1557 testamentorum
1061 1515 1315 1571 diligentia,
1348 1514 1453 1571 quid
1494 1515 1640 1571 elogia

245 1583 514 1640 significant,
546 1585 633 1626 nisi
665 1597 747 1627 nos
779 1584 925 1626 futura
957 1585 1087 1627 etiam
1109 1580 1346 1641 cogitare?
1368 1580 1639 1637 Quidillud?

243 1665 345 1696 num
391 1653 584 1708 dubitas,
616 1655 719 1710 quin
764 1655 991 1711 specimen
1031 1656 1216 1696 naturae
1258 1655 1359 1711 capi
1391 1645 1552 1696 deceat
1583 1664 1640 1695 ex

243 1725 410 1781 optima
439 1734 612 1781 quaque
643 1721 837 1767 natura?
867 1735 980 1781 quae
1027 1724 1282 1779 est-melior
1311 1725 1447 1781 igitur
1475 1724 1519 1766 in
1550 1723 1637 1766 ho-

240 1795 401 1837 minum
440 1805 608 1852 genere
648 1796 832 1850 natura,
864 1804 1006 1855 quam·
1036 1806 1201 1852 eorum,
1234 1795 1307 1851 qui
1338 1805 1390 1837 se
1420 1796 1549 1836 natos
1580 1792 1638 1837 ad

242 1862 445 1907 homines
477 1862 734 1921 Juvandos,
767 1864 1001 1922 tutandos,
1032 1863 1369 1908 conservandos
1410 1864 1636 1907 arbitran-

243 1932 352 1978 tur?
383 1932 428 1988 ⁴)
470 1934 610 1977 Nemo
652 1934 755 1976 mihi
797 1946 984 1991 unquam
1016 1933 1330 1990 persuadebit,
1362 1938 1437 1977 aut
1467 1937 1636 1990 patrem

242 2004 472 2062 Scipionis
503 2004 703 2047 Paullum
751 2008 823 2046 aut
866 2004 979 2046 duos
1020 2017 1156 2061 avos,
1187 2004 1388 2047 Paullum
1430 2007 1475 2046 et
1503 2004 1636 2046 Afri-

244 2086 428 2132 canum,
460 2078 536 2118 aut
564 2074 769 2117 Africani
810 2080 980 2131 patrem
1021 2078 1096 2117 aut
1136 2078 1338 2131 patruum
1370 2078 1446 2117 aut
1475 2075 1636 2117 multos

241 2146 528 2202 praestantes
562 2145 684 2186 viros
716 2146 838 2186 tanta
869 2156 973 2186 esse
1006 2148 1208 2202 conatos,
1241 2156 1354 2201 quae
1387 2144 1444 2187 ad
1475 2147 1636 2200 poste-

240 2215 386 2258 ritatis
432 2215 683 2256 memoriam
729 2216 1029 2270 pertinerent,
1075 2216 1161 2256 nisi
1202 2216 1344 2257 animo
1386 2218 1636 2269 cernerent,

228 2285 548 2347 posteritatem
589 2283 646 2326 ad
689 2296 740 2327 se
782 2285 1023 2340 pertinere.
1085 2283 1157 2327 An
1203 2296 1392 2340 censes,
1426 2283 1637 2328 Catonem

224 2348 391 2398 *tantos
440 2353 619 2396 labores
662 2352 933 2411 diurnosque
983 2356 1314 2411 nocturnosque
1361 2353 1476 2396 domi
1521 2355 1637 2396 mili—

242 2428 420 2481 tiaeque
451 2428 764 2481 suscepturum
797 2426 967 2480 fuisse,
1000 2427 1040 2468 si
1072 2424 1231 2467 iisdem¹
1262 2425 1420 2467 finibus
1451 2426 1635 2481 gloriam

241 2506 383 2552 suam,
416 2495 575 2552 quibus
607 2496 755 2551 vitam,
788 2498 913 2538 esset
943 2491 1294 2538 terminaturus?
1323 2496 1480 2538 Nonne
1501 2496 1634 2540 multo

239 2566 397 2610 melius
439 2565 628 2620 fuisset,
661 2567 846 2608 otiosam
892 2569 1081 2609 aetatem
1123 2570 1168 2610 et
1199 2567 1387 2623 quietem
1420 2567 1515 2609 sine
1547 2567 1634 2607 ullo

240 2636 394 2680 labore
439 2639 516 2679 aut
557 2638 838 2679 contentione
879 2634 1151 2680 traducere?
1197 2635 1294 2680 Sed
1334 2638 1487 2680 nescio
1520 2651 1634 2693 quo-

240 2695 371 2748 modo
415 2707 585 2749 animus
632 2707 813 2763 erigens
859 2719 910 2749 se
970 2708 1276 2763 posteritatem
1335 2709 1398 2749 ita
1457 2719 1635 2763 semper

240 2777 560 2835 prospiciebat,
593 2778 720 2834 quasi
752 2790 882 2833 quum
914 2779 1194 2819 excessisset
1224 2790 1249 2819 e
1279 2778 1388 2834 vita,
1421 2780 1510 2819 tum
1547 2777 1633 2818 de-

239 2849 372 2904 nique
402 2847 603 2890 victurus
635 2850 775 2890 esset.
820 2845 949 2901 Quod
980 2847 1153 2904 quidem
1185 2849 1228 2890 ni
1258 2848 1319 2889 ita
1350 2860 1400 2890 se
1432 2847 1632 2904 haberet,

239 2921 289 2959 ut
338 2918 469 2959 animi
509 2919 777 2959 immortales
825 2920 1005 2974 essent,
1046 2917 1164 2959 haud
1215 2919 1365 2974 optimi
1417 2917 1633 2974 cujusque

240 2987 415 3029 animus
435 2988 620 3029 maxime
643 2986 700 3029 ad
731 2987 1099 3029 immortalitatem
1131 2988 1302 3042 gloriae
1333 2988 1561 3029 niteretur.
1586 2987 1632 3040 ⁶)

242 3054 359 3110 Quid
407 3069 515 3099 vero
556 3056 600 3099 in
644 3054 731 3100 hae
772 3056 1004 3113 republica
1046 3058 1112 3100 tot
1142 3059 1377 3113 tantosque
1407 3057 1547 3113 viros,
1579 3056 1632 3099 ob

239 3126 557 3184 rempublicam
597 3126 885 3184 interfectos,
928 3128 1158 3183 cogitasse
1204 3123 1502 3171 arbitramur?
1548 3129 1632 3170 iis-

222 3197 397 3241 ‚demne
437 3197 486 3239 ut
526 3194 684 3239 finibus
725 3209 883 3240 nomen
914 3210 1057 3254 suum,
1090 3196 1249 3253 quibus
1280 3198 1388 3254 vita,
1421 3199 1634 3241 termina-

237 3264 399 3311 retur?
438 3263 591 3310 Nemo
631 3279 840 3327 unquam
879 3269 986 3311 sine
1024 3279 1199 3327 maqna
1233 3280 1315 3327 spe
1345 3268 1632 3312 immortali-

269 3442 299 3488 Ι)
324 3442 465 3477 Consul.
490 3453 570 3487 pag.
596 3442 666 3476 570
691 3454 722 3477 a.

264 3502 299 3546 1)
322 3502 430 3534 ruso.
455 3502 481 3543 1,
511 3502 565 3544 14,
591 3501 646 3534 31.

263 3559 299 3605 ⁸)
324 3559 466 3595 Consul.
491 3571 570 3604 pag.
596 3560 665 3594 570
689 3559 721 3594 b.

265 3618 299 3664 ⁴)
322 3619 430 3654 Tuae.
455 3619 482 3660 Ι,
510 3619 564 3660 12,
590 3619 647 3656 31.
673 3619 730 3654 32.

263 3675 300 3723 ⁶)
323 3676 409 3711 cuo
434 3678 515 3720 maj.
541 3675 598 3713 23.
623 3678 680 3713 42.

1709 464 1868 506 vetera
1908 465 1954 506 et
1998 464 2186 506 externa
2229 469 2463 520 quaeram,
2507 461 2793 525 mihi-5301
2810 489 2813 495 »

1709 531 1947 576 mentibus
1999 533 2142 592 quasi
2200 530 2499 591 saeculorum
2556 531 2791 595 quodda-
2870 556 2875 561 ⁴
3030 525 3060 591 ‘j

1707 600 1988 657 futurorum
2041 599 2174 660 idque
2217 603 2262 643 iu
2300 593 2502 648 maximia
2551 602 2743 666 ingeniis
2770 602 2826 645 al
2968 645 2970 647 .

1711 673 1866 712 animis
1907 674 1953 712 et
1998 673 2179 713 exsistit
2208 672 2394 732 maxime
2424 671 2691 729 et‘apparet
2718 668 2991 731 menn-e.
3000 714 3002 717 ⁴

1711 740 1884 796 quidem
1916 739 2094 796 dempto
2125 741 2224 797 quis
2255 743 2344 783 tai-
2375 743 2501 784 esset
2530 752 2708 798 amena,
2729 741 2827 797 (μί’
2846 726 3100 807 ιδιξὰῇ
3137 769 3167 776 ·-
3214 776 3217 777 ν

1709 809 1935 853 laboribus
1968 813 2012 852 et
2042 810 2255 866 periculis
2286 806 2496 854 viveret?
2523 810 2705 867 Loquor
2724 809 2782 854 de
2801 803 3101 871 principibus
3254 813 3271 827 ³
3293 802 3315 842 2
3338 804 3359 847 ’ὲ

1711 878 1821 935 quid
1856 875 2051 937 poetae?
2096 879 2253 923 Nonne
2292 883 2398 937 post
2436 882 2619 924 mortem
2657 879 2878 927 nobilitari
2911 875 3100 931 volunt-8
3137 882 3149 892 ‘

1710 948 1827 991 unde
1869 961 1979 1006 ergo
2021 944 2219 992 illudit.
2314 979 2327 992 .
2374 947 2520 992 Etiam
2561 947 2744 1006 opifices
2783 951 2888 1007 post
2916 952 3100 996 norte-

1710 1019 1929 1061 nobilitari
1962 1019 2127 1062 volunt.
2165 1015 2281 1072 Quid
2313 1020 2426 1062 enim
2456 1017 2642 1063 Phidias
2673 1020 2743 1063 sui
2772 1018 2956 1063 similem
2986 1031 3100 1077 epe—

1711 1090 1822 1132 ciem
1869 1088 2044 1132 inclusit
2085 1090 2127 1132 in
2173 1088 2333 1146 cl)peo
2377 1086 2664 1147 Minervae,
2683 1101 2813 1147 quum
2852 1073 3099 1135 inscribere
3143 1099 3144 1102 ’

1711 1170 1795 1202 non
1846 1155 2039 1203 liceret?
2085 1156 2201 1213 Quid
2255 1158 2396 1202 nostri
2441 1155 2730 1218 philosophi?
2769 1169 2915 1204 nonne
2959 1158 3004 1204 in
3041 1158 3099 1205 fla

1709 1227 1835 1272 libris
1867 1229 1996 1287 ipsis,
2029 1241 2140 1286 quos
2172 1228 2372 1273 scribunt
2402 1227 2459 1273 de
2490 1227 2808 1275 contemnenda
2837 1228 2996 1288 gloria,
3016 1238 3100 1276 aua

1709 1300 1883 1342 nomina
1924 1295 2206 1342 inscribunt?
2254 1297 2433 1353 Quodsi
2473 1300 2682 1343 omnium
2711 1310 2974 1344 consensus
3001 1311 3100 1344 na-

1711 1373 1852 1413 turae
1881 1382 1976 1411 vox
2007 1372 2081 1412 est
2109 1381 2382 1427 omnesque,
2413 1370 2496 1428 qui
2525 1369 2696 1428 ubique
2723 1364 2866 1428 eunt,
2895 1381 3102 1415 consen·

1711 1441 1856 1496 tiunt,
1887 1452 1990 1483 esse
2020 1438 2216 1497 aliquid,
2246 1439 2371 1497 quod
2397 1439 2463 1482 ad
2491 1432 2568 1483 eos
2595 1441 2859 1498 pertineat,
2889 1441 2971 1499 qui
2999 1438 3101 1485 vua

1710 1512 2028 1552 excesserint:
2058 1510 2193 1551 nobis
2217 1522 2397 1566 quoque
2419 1510 2541 1552 idem
2562 1510 2933 1552 existimundum
2953 1513 3037 1553 eet.
3058 1509 3100 1564 ¹]

1709 1578 1820 1621 Nam
1866 1580 1964 1635 ipsa
2007 1580 2180 1635 gloriae
2213 1577 2461 1635 cupiditas,
2493 1578 2704 1620 honorum
2736 1579 2854 1636 sitis,
2885 1591 3014 1635 opum
3044 1589 3101 1623 ac

1710 1647 1957 1690 divitiarum
2000 1648 2186 1691 assidua
2231 1649 2485 1706 procuratio
2518 1647 2621 1704 quid
2652 1646 2771 1690 aliud
2802 1647 2983 1703 indicat,
3013 1649 3100 1697 nisi

1710 1720 1909 1775 cogitare
1956 1718 2172 1761 hominem
2214 1719 2257 1760 in
2300 1721 2527 1775 posterum
2569 1729 2652 1760 nec
2699 1716 2854 1760 eodem
2883 1716 3100 1761 vescendi

1709 1780 1989 1845 vivendique
2023 1788 2198 1845 studio,
2229 1801 2314 1845 quo
2361 1790 2567 1830 caeteras
2608 1788 2852 1830 animantes
2893 1786 2998 1831 duci
3026 1788 3099 1831 vi-

1709 1858 1879 1916 demus,
1913 1858 2144 1901 humanum
2177 1860 2364 1901 animum
2396 1857 2598 1901 detineri.

1767 2004 1784 2021 ‚
1848 1961 1884 2007 S
1992 1962 2103 2006 haec
2145 1961 2395 2020 abjectiora
2435 1964 2579 2019 atque*
2608 1961 2837 2006 humiliora
2865 1974 2952 2007 nec
2983 1961 3101 2020 ullis,

1708 2033 1794 2076 nisi
1835 2044 1886 2076 sa
1989 2034 2202 2089 angustis
2242 2035 2427 2076 naturae
2474 2033 2698 2089 terminis,
2749 2033 3100 2089 circumscripta.

1709 2101 1826 2155 Quid
1866 2102 1942 2145 illa
1981 2104 2025 2145 in
2065 2103 2218 2158 primis
2250 2103 2408 2158 gravia
2438 2104 2570 2158 atque
2602 2102 2884 2158 praestantia
2908 2101 3099 2145 nec'ulli

1707 2172 1839 2228 plane
1880 2173 1923 2214 in
1965 2173 2097 2215 terris
2145 2171 2351 2228 degenti,
2390 2172 2475 2214 nisi
2519 2170 2610 2214 soli
2657 2168 2839 2215 homini
2883 2167 3100 2215 tributa?

1709 2241 2118 2299 contemplatorem
2173 2254 2275 2284 esse
2325 2243 2482 2299 ipsum
2525 2240 2641 2283 coeli
2694 2252 2945 2298 rerumque
2988 2252 3098 2284 coe-

1706 2312 1913 2367 lestium,
1928 2311 2036 2368 frui
2064 2324 2344 2368 maqnarum
2375 2310 2909 2370 obscurissimarumque
2938 2322 3098 2354 rerum
3149 2326 3159 2334 ·

1707 2382 1934 2438 scientia,
1966 2393 2086 2440 quae
2129 2381 2201 2425 vel
2246 2381 2310 2425 ad
2349 2379 2626 2425 excolendos
2669 2380 2734 2424 ad
2777 2381 3098 2440 inteyritatem

1706 2455 1846 2509 atque
1878 2453 2197 2494 innocentiam
2226 2463 2394 2506 mores,
2416 2450 2487 2493 vel
2515 2450 2579 2493 ad
2597 2450 2962 2507 comparandam
2980 2449 3102 2494 solie

1705 2524 2038 2580 astrorumque
2083 2522 2422 2578 coynitionem,
2450 2519 2540 2564 ·vel
2583 2519 2648 2564 ad
2690 2519 2999 2565 exercendam
3044 2521 3097 2565 in

1705 2592 1881 2636 abditis
1932 2592 2233 2650 obscurisque
2283 2592 2423 2635 rebus
2481 2590 2753 2634 memoriam
2807 2593 3097 2650 mentemque

1703 2664 2003 2721 pertineant:
2033 2675 2190 2705 nonne
2220 2661 2335 2706 baec
2365 2664 2471 2719 ipsa
2503 2664 2641 2703 tanta
2662 2673 2719 2704 ac
2741 2660 2860 2704 talia
2881 2661 3097 2705 divinum

1705 2745 1808 2776 esse
1837 2734 2052 2776 animum
2082 2732 2339 2775 ostendunt
2369 2733 2455 2774 n'ec
2480 2729 2614 2774 illius
2633 2732 2861 2773 naturam
2881 2729 3095 2789 aliunde,

1704 2815 1844 2861 quam
1875 2814 1900 2846 e
1930 2801 2053 2847 coelo
2083 2801 2333 2846 delibatam
2362 2814 2419 2845 ac
2448 2800 2720 2857 deductam,
2737 2799 2785 2857 ²)
2816 2798 3098 2869 divinaeque

1702 2874 1875 2917 mentis
1905 2885 2011 2916 eum
2042 2884 2146 2917 esse
2177 2884 2261 2916 non
2293 2871 2433 2914 solum
2464 2882 2636 2928 munus,
2658 2868 2742 2913 sed
2772 2870 2902 2913 etiam
2923 2872 3095 2928 partem

1702 2944 1988 3001 praecipuam
2020 2953 2073 2986 ac
2105 2938 2361 2999 propriam?
2407 2938 2525 2997 quod
2565 2941 2605 2982 si
2645 2950 2782 2983 secus
2828 2950 2934 2983 esse
2965 2938 3094 2997 quis-

1704 3024 1830 3071 quani
1872 3015 2022 3071 putet,
2056 3012 2172 3052 haud
2218 3022 2327 3052 sane
2360 3010 2507 3065 facile,
2540 3008 2644 3067 quid
2675 3009 2822 3049 multis
2854 3012 2899 3050 et
2927 3008 3094 3050 firmis-

1705 3085 1827 3125 simis
1858 3086 1902 3125 in
1934 3084 2048 3124 hanc
2080 3084 2338 3124 sententiam
2371 3082 2643 3138 argumentis
2673 3078 2950 3136 respondere
2979 3081 3095 3137 pos-
3350 3090 3367 3140 3

1705 3155 1778 3209 sit,
1809 3155 2014 3195 inveniet.
2078 3151 2157 3194 Sic
2189 3154 2301 3193 enim
2333 3153 2462 3208 plane
2494 3151 2707 3206 cognosci
2739 3161 2793 3191 ac
2824 3162 2962 3191 sensu
2992 3151 3092 3205 ipso
3354 3148 3358 3164 ²

1705 3222 1940 3279 dijudicari
1985 3225 2159 3278 potest:
2200 3234 2431 3264 summam
2472 3234 2572 3264 esse
2609 3232 2850 3279 paeneque
2879 3221 3091 3275 incredi-

1704 3292 1842 3336 bilem
1871 3293 1924 3335 in
1953 3294 2130 3335 animis
2161 3290 2446 3335 celeritatem
2471 3304 2528 3334 ac
2552 3289 2929 3347 festinationem,
2960 3289 3091 3347 cujus

1704 3376 1805 3420 ope,
1837 3375 1948 3419 quae
1996 3376 2160 3419 corpus
2203 3376 2288 3404 non
2328 3361 2456 3404 modo
2488 3364 2611 3416 certe
2642 3361 2870 3417 mensium,
2901 3359 2984 3403 sed
3017 3361 3092 3404 vix

1704 3436 1833 3477 etiam
1865 3446 2073 3477 annorum
2105 3435 2249 3490 spatio
2281 3432 2498 3490 perficere
2529 3435 2661 3489 atque
2702 3419 2886 3488 exsequi
2916 3433 3091 3488 posset,

1733 3621 1763 3666 ¹)
1788 3622 1893 3655 Tuse.
1918 3621 1945 3665 ¹,
1975 3622 2027 3656 15.
2054 3621 2203 3658 32—35.
2230 3624 2265 3655 et
2288 3619 2367 3655 ibid.
2393 3620 2419 3665 1,
2445 3619 2502 3664 38,
2528 3620 2584 3655 91.

1729 3679 1763 3727 ²)
1788 3679 1925 3714 Consul.
1952 3690 2030 3724 pag.
2057 3680 2120 3714 571
2151 3680 2180 3715 b.
