3367 4092
290 466 292 468 ’
494 487 798 565 {ig-mmm
827 506 1015 555 mm
1045 467 1145 550 u'm
1163 504 1315 563 muln,
1343 504 1644 550 innumerabi-

150 537 174 551 ”
201 554 723 636 ‚neaeman

708 587 738 636 ᾳ
761 577 923 634 gesta}
937 587 1062 632 quae
1092 574 1258 620 futura
1268 576 1388 632 sunt,
1395 573 1642 632 ‘cogitando

347 640 525 705 pffvre
548 657 607 690 ac
629 656 728 693 non
750 644 884 691 modo
905 646 1196 704 praesentia,
1211 644 1297 691 sed
1319 645 1462 691 etiam
1494 657 1642 704 prae-

214 711 221 719 '
292 708 302 722 ⁴
375 708 383 713 ’
417 716 494 761 et
526 711 727 774 futura,
755 713 906 761 veluti
942 714 1102 774 deum,
1131 715 1290 762 omnia
1318 712 1559 777 complecti
1586 727 1644 759 ac

258 782 360 832 nib
376 784 543 846 oeulos
564 784 799 840 abjecere
827 782 1029 830 conari?
1056 786 1154 844 quis
1185 785 1369 844 dubitet,
1400 794 1499 831 cum
1529 784 1642 829 haec

250 853 479 915 *intelllgat
516 854 759 914 eademque
801 857 846 899 in
891 869 943 900 se
987 856 1086 914 ipso
1127 856 1398 916 eognoscat,
1428 856 1642 900 divinum

248 921 363 970 eabe
404 927 618 970 aninum
637 938 766 984 nec,
796 927 841 969 ai
880 926 1042 997 div'ina
1080 930 1276 970 aeterna
1314 929 1455 982 aunt,
1485 927 1641 984 ipsum

259 1005 364 1041 ene
403 991 684 1040 mortalem?
728 1007 825 1040 cum
870 981 1130 1055 praesertim
1176 996 1347 1040 duabus
1388 1008 1445 1040 ex
1489 995 1640 1054 rebus,

262 1064 377 1125 (inae
416 1068 685 1124 praecipuae
728 1067 774 1109 in
804 1065 945 1109 animo
975 1070 1092 1121 sunt,
1123 1068 1240 1109 illius
1271 1071 1454 1110 aeterna
1483 1069 1641 1111 natura

258 1134 392 1187 facile
421 1137 607 1203 intelligi
637 1149 691 1179 ac
721 1137 994 1195 deprehendi
1023 1140 1190 1196 possit·
1221 1138 1334 1180 haec
1356 1140 1501 1179 autem
1523 1141 1640 1194 sunt,

255 1212 439 1276 motus,
455 1209 527 1266 qui
558 1210 603 1251 iu
633 1220 686 1251 eo
716 1208 984 1267 praecipuus
1016 1214 1101 1266 est,
1121 1211 1413 1268 principium
1441 1222 1499 1252 ac
1526 1221 1640 1267 per-

257 1281 483 1338 petuttas.
520 1279 581 1337 ¹)
611 1278 747 1332 Quod
774 1282 898 1322 enim
928 1293 1110 1338 semper
1137 1282 1365 1336 movetur,
1394 1283 1641 1321 aeternum

339 1347 518 1406 3quod
557 1353 700 1394 autem
741 1354 901 1392 motum
941 1350 1069 1393 affert
1098 1350 1228 1393 alicui
1260 1348 1464 1408 quodque
1496 1351 1639 1405 ipsum

257 1351 453 1490 :gitatur
496 1419 696 1477 aliunde,
719 1420 893 1477 quando
938 1420 1065 1463 finem
1105 1420 1240 1463 habet
1269 1424 1429 1477 motus,
1460 1419 1638 1462 vivendi

255 1487 385 1533 finem
404 1468 598 1533 habeat
635 1503 827 1534 necesse
868 1495 951 1534 est.
1012 1489 1163 1534 Solum
1214 1493 1374 1547 igitur,
1420 1489 1537 1547 quod
1587 1502 1638 1532 se

257 1558 401 1616 ipsum
431 1562 594 1617 movet,
625 1561 727 1616 quia
756 1572 973 1617 nunquam
1004 1559 1227 1603 deseritur
1256 1572 1283 1603 a
1313 1572 1390 1617 se,
1421 1570 1638 1616 nunquam

255 1641 313 1673 ue
353 1630 519 1672 moveri
560 1628 732 1686 quidem
774 1629 960 1688 desinit,
992 1632 1094 1687 quin
1125 1633 1254 1673 etiam
1286 1625 1520 1688 caeteris,⁰
1525 1641 1638 1686 quae

254 1702 513 1756 moventur,
563 1698 636 1743 hic
681 1699 808 1757 fons,
855 1700 940 1744 hoc
984 1702 1244 1758 principium
1295 1705 1366 1744 est
1419 1700 1636 1744 movendi.

255 1767 478 1826 Principio
525 1772 668 1812 autem
713 1770 832 1824 nulla
872 1776 942 1814 est
993 1772 1132 1829 origo.
1197 1772 1305 1815 Nam
1351 1785 1376 1816 e
1420 1773 1636 1829 principio

255 1839 454 1882 oriuntur
494 1842 661 1897 omnia,
693 1842 836 1897 ipsum
868 1838 1025 1887 ‚autem
1070 1842 1189 1884 nulla
1228 1855 1285 1884 ex
1314 1855 1363 1884 re
1394 1832 1480 1885 alia
1511 1846 1636 1887 nasci

252 1913 430 1968 potest3
459 1924 542 1955 nec
574 1913 686 1955 enim
719 1915 844 1955 esset
872 1910 916 1954 id
949 1913 1231 1970 principium,
1264 1913 1379 1969 quod
1418 1915 1636 1971 gignere-

252 1980 325 2024 tur
369 1979 559 2027 aliunde.
644 1980 772 2036 Quod
818 1983 857 2025 si
904 1994 1118 2039 nunquam
1164 1983 1326 2040 oritur,
1372 1997 1427 2028 ne
1472 1984 1637 2029 occidit

252 2048 426 2107 quidem
457 2063 658 2108 unquam.
691 2052 800 2095 Nam
831 2054 1088 2109 principium
1120 2055 1356 2098 extinctum
1377 2067 1461 2099 nec
1491 2057 1635 2112 ipsum

253 2120 310 2164 ab
341 2120 426 2163 alio
456 2125 720 2164 renascetur
748 2134 831 2164 nec
863 2134 919 2165 ex
950 2135 1001 2165 se
1032 2122 1150 2166 aliud
1182 2115 1364 2181 creabit,
1391 2126 1430 2167 si
1462 2125 1634 2182 quidem

252 2200 445 2234 necesse
476 2193 548 2234 est
577 2202 604 2234 a
633 2192 848 2248 principio
880 2193 984 2235 oriri
1016 2194 1170 2236 omnia.
1213 2193 1282 2237 Ita
1311 2193 1373 2252 tit
1374 2211 1386 2230 ι
1403 2197 1452 2238 ιιι
1480 2198 1635 2239 motus

251 2261 541 2319 principium
571 2264 633 2303 eoe
662 2273 714 2304 eo
743 2262 824 2319 ait,
840 2262 963 2320 quod
991 2263 1145 2319 ipsum
1174 2275 1206 2307 a
1234 2276 1285 2307 se
1313 2267 1554 2320 movetur,
1584 2266 1637 2310 id

251 2321 412 2373 autem
455 2342 540 2374 nec
589 2332 726 2374 nasci
767 2334 944 2389 potest,
991 2344 1076 2376 nec
1118 2335 1267 2388 mor2'3
1311 2334 1382 2378 vel
1428 2335 1634 2379 concidat

252 2387 590 2446 omne-comum
631 2402 856 2459 omnisque
896 2404 1052 2447 natura
1094 2404 1311 2448 consistat
1340 2417 1531 2450 necesse
1562 2409 1634 2450 est

250 2481 363 2513 nec·
355 2471 452 2513 ·vim
482 2471 612 2515 ullam
643 2474 940 2529 nanciscatur,
973 2485 1059 2530 qua
1088 2485 1115 2516 a
1145 2475 1282 2531 primo
1314 2475 1502 2531 impulsa
1531 2489 1631 2519 mo-

250 2542 422 2585 veatur.
483 2538 623 2596 Quum
666 2545 818 2600 pateat
857 2544 991 2600 igitur
1031 2547 1255 2588 aeternum
1285 2545 1331 2589 id
1362 2559 1482 2604 esse,
1514 2547 1631 2604 quod

249 2622 303 2656 se
332 2611 475 2669 ipsum
506 2609 695 2671 moveat,
717 2615 815 2671 quis
847 2617 933 2673 est,
955 2616 1026 2672 qui
1051 2613 1184 2662 Itane⁴
1203 2620 1429 2661 naturam
1456 2619 1632 2663 animis

250 2693 352 2725 esse
382 2681 610 2726 tributam
639 2682 811 2740 neyet?
838 2685 1076 2728 Inanimum
1106 2689 1178 2729 est
1207 2688 1319 2729 enim
1350 2700 1491 2742 omne,
1513 2688 1631 2745 quod

247 2751 381 2809 pulsu
426 2753 622 2809 agitatur
667 2757 874 2809 externo3
922 2756 1037 2811 quod
1080 2760 1224 2799 autem
1270 2759 1342 2800 est
1380 2758 1552 2815 animal,
1584 2758 1630 2801 id

251 2825 370 2867 motu
401 2824 542 2867 cietur
571 2824 779 2874 inerim-e
812 2827 856 2867 et
886 2838 982 2868 suo.
1042 2825 1154 2869 Nam
1194 2825 1307 2871 haec
1348 2830 1419 2871 est
1448 2832 1629 2885 propria

247 2895 407 2939 natura
445 2896 576 2951 atque
616 2895 712 2951 vis,
744 2906 856 2951 quae
896 2896 935 2938 si
967 2898 1037 2938 est
1066 2909 1151 2939 una
1182 2909 1239 2940 ex
1270 2898 1484 2956 omnibus,
1516 2912 1628 2955 quae

247 2975 300 3008 se
344 2965 446 3021 ipsa
491 2976 668 3022 semper
707 2967 905 3022 moveat,
943 2970 1093 3022 'neque
1138 2969 1256 3010 nata
1301 2970 1425 3011 certe
1468 2972 1541 3011 est
1584 2973 1632 3012 et

246 3035 444 3078 aeterna
474 3036 558 3079 est.
592 3031 639 3092 Β)
685 3026 792 3079 Cum
837 3035 972 3093 igitur
1011 3036 1179 3080 animus
1220 3046 1278 3080 ex
1317 3047 1369 3082 se
1399 3038 1498 3095 ipso
1528 3050 1627 3083 mo-

245 3107 405 3149 veatur
434 3116 518 3149 nec
548 3104 740 3163 aliunde,
771 3107 819 3149 ut
849 3108 1041 3163 caetera,
1063 3099 1321 3164 principium
1350 3109 1496 3152 motus
1516 3121 1626 3152 mu-

245 3177 410 3233 tuetur,
441 3186 608 3219 summa
637 3178 782 3223 autem
812 3177 855 3217 in
886 3188 964 3232 eo,
996 3176 1199 3233 quamdiu
1244 3178 1287 3219 in
1319 3188 1506 3234 corpore
1537 3180 1623 3235 est,

243 3246 521 3303 perpetuitas
566 3247 709 3288 motus
760 3249 998 3303 appareat,
1045 3247 1204 3303 quippe
1250 3258 1361 3302 quae
1408 3249 1534 3290 etiam
1580 3249 1623 3290 in

245 3312 562 3363 dormientibus
607 3319 880 3374 agnoscatur
925 3320 969 3360 et
1008 3317 1182 3374 vigeat:
1226 3316 1393 3361 idcirco
1434 3317 1622 3362 dubitari

206 3383 215 3387 ”
243 3386 362 3429 nullo
402 3386 531 3429 modo
571 3389 746 3444 potest,
777 3389 880 3445 quin
920 3388 1113 3431 divinus
1141 3389 1207 3432 ait
1236 3391 1283 3432 et
1309 3391 1623 3450 sempiternus

252 3582 304 3629 ¹)
329 3584 434 3619 Gona-
457 3596 536 3630 pag.
562 3586 632 3622 570
655 3586 687 3620 l».

269 3641 307 3686 ²)
328 3642 422 3687 scip.
446 3654 557 3679 somn.
581 3655 613 3680 ο.
635 3644 671 3689 8,
695 3645 728 3679 9.
753 3646 858 3681 Tuae.
882 3646 909 3681 1.
934 3645 991 3691 23,
1016 3647 1166 3684 53—55.

3060 157 3107 208 8

1709 293 1945 351 futurus,-
1974 299 2021 338 et
2048 307 2159 338 sane
2186 296 2251 338 ιιι
2279 307 2386 338 esse
2413 298 2529 360 ratio
2557 298 2697 353 ⁵vincit
2724 299 2773 341 et
2793 290 2958 341 ''rera-
2985 310 3099 356 pro-

1714 365 1789 408 bat
1818 367 1980 410 exitus.
2038 363 2133 409 Dei
2171 367 2296 408 enta·
2333 367 2489 422 tmaqo
2529 367 2760 425 quaeda-⁸
2787 367 2984 411 ms
3010 371 3098 424 eat,

1712 447 1775 479 ex
1812 436 1915 492 ipso
1957 433 2057 480 Deo
2079 433 2306 479 delibata
2348 449 2407 478 ae
2442 436 2686 493 profecta3
2723 436 2842 495 qnod
2891 438 2931 480 si
2970 437 3097 481 Dens

1711 504 2033 552 immortalitate
2072 504 2255 561 fruitur,
2286 516 2368 549 cur
2412 517 2508 549 eam
2552 511 2747 562 partem,
2777 516 2908 565 qnam
2946 519 3006 551 ex
3043 520 3097 551 ae

1712 576 1809 630 ipso
1840 578 2014 631 sumsit,
2044 570 2271 619 mortalem
2301 587 2410 619 esse
2438 573 2581 619 velit?
2610 580 2713 632 quin
2747 578 2834 621 hoe
2863 578 2966 634 ipso
2995 580 3096 620 sin-

1711 643 1909 702 gularem
1942 646 2007 690 et
2047 644 2248 689 eximiam
2297 642 2488 690 dlvlnam
2533 659 2639 690 esse
2683 648 2768 691 vim
2813 645 3095 692 indicandu-

1711 716 1907 774 putavit,
1954 712 2072 773 quod
2105 728 2205 768 aon
2251 714 2392 759 solum
2437 715 2536 772 ipse
2574 708 2830 762 immortalis
2874 718 2959 775 sit,
3011 716 3095 776 aed

1712 784 1865 842 etiam,
1897 798 2008 843 quos
2053 784 2190 843 velit,
2222 796 2331 828 suae
2376 787 2561 829 naturae
2603 783 2830 844 compotes
2871 789 2916 832 et
2960 787 3091 846 plane

1710 854 1973 899 immortales
2014 854 2193 898 efficiat.
2232 854 2275 914 ¹]
2322 852 2574 914 Singularis
2615 858 2687 900 est
2726 869 2835 915 ergo
2880 856 3094 916 quaedam

1710 927 1866 967 natura
1905 929 2037 982 atque
2078 926 2149 967 vis
2192 927 2345 982 animi,
2376 925 2580 982 sejuncta
2611 926 2667 969 ab
2698 925 2770 970 liis
2802 929 2978 971 usitatis
3008 940 3095 971 no·

1710 994 1853 1051 tisque
1891 997 2075 1038 naturis.
2135 995 2205 1038 Ita
2250 994 2458 1053 quidquid
2499 999 2571 1040 est
2614 995 2739 1054 illud,
2784 998 2907 1055 quod
2948 999 3093 1056 sapit,

1709 1065 1832 1121 quod
1867 1064 1993 1121 vult,
2025 1065 2150 1123 quod
2191 1066 2340 1122 viqet,
2371 1065 2562 1108 coeleste
2602 1069 2649 1109 et
2686 1067 2901 1110 divinum
2940 1071 3013 1111 eet
3040 1067 3095 1112 ob

1711 1146 1905 1193 eamque
1945 1148 2043 1177 rem
2079 1130 2328 1178 aeternum
2367 1138 2432 1178 stt
2476 1148 2665 1180 necesse
2704 1141 2788 1181 est.
2848 1138 2945 1181 Nec
2985 1150 3093 1182 vero

1710 1205 1833 1247 Deus
1874 1208 1998 1264 ipse,
2030 1209 2103 1264 qui
2149 1207 2409 1265 intelligitur
2439 1219 2467 1250 a
2495 1209 2652 1267 nobis,
2679 1209 2766 1253 alio
2798 1209 2926 1252 modo
2957 1210 3094 1254 intel-

1709 1276 1801 1331 hgi.
1816 1279 1978 1333 potest,
1996 1279 2081 1318 nisi
2111 1289 2236 1318 mens
2267 1278 2413 1320 soluta
2443 1278 2655 1334 quaedam
2687 1282 2732 1321 et
2755 1280 2911 1336 libera,
2927 1291 3094 1336 segre-

1709 1347 1815 1401 gata’
1855 1346 1911 1387 ab
1952 1348 2064 1388 omni
2111 1349 2396 1390 concretione
2426 1349 2614 1405 mortali,
2645 1350 2788 1392 omnia
2819 1351 3018 1392 sentiens
3048 1353 3095 1392 et

1708 1428 1891 1458 movens
1947 1417 2134 1474 ipsaque
2196 1417 2399 1474 praedita
2442 1421 2559 1460 motu
2610 1422 2903 1476 sempitern03
2948 1412 3095 1477 itaque

1709 1484 1891 1528 eandem
1942 1489 2246 1530 aeternitatem
2298 1489 2452 1530 animis
2508 1501 2679 1544 quoque
2731 1491 2898 1532 nostris
2940 1502 2997 1533 ex
3041 1503 3093 1532 se

1708 1554 1808 1611 ipsa
1837 1556 2004 1598 exortis
2035 1557 2287 1613 impertivit.
2322 1556 2368 1612 ⁹)

1843 1711 1907 1755 At
1935 1712 2205 1756 incredibilis
2238 1717 2309 1756 est
2335 1714 2571 1756 animorum
2592 1710 2917 1761 immortalitas!
2948 1728 3091 1773 neque

1707 1783 1819 1825 enim
1851 1782 1991 1840 qualis
2023 1784 2191 1826 animus
2223 1785 2283 1826 sit
2304 1795 2474 1826 vacuus
2497 1796 2701 1842 corpore,
2717 1786 2903 1844 intelligi
2926 1789 3088 1843 potest.

1707 1851 1845 1905 Quasi
1889 1865 1996 1895 vero
2041 1854 2289 1910 intelligant
2333 1853 2563 1915 liomines,
2610 1856 2752 1913 qualis
2798 1857 2857 1898 sit
2902 1857 2946 1899 in
2990 1858 3089 1914 ipso

1707 1934 1911 1980 corpore,
1943 1935 2054 1980 quae
2086 1925 2390 1979 conformatio,
2408 1936 2520 1981 quae
2552 1925 2820 1982 magnitudo,
2838 1928 2911 1983 qui
2936 1927 3088 1983 locus3
3149 1976 3155 1978 ,

1706 1995 1769 2049 ιιι,
1800 1994 1839 2035 si
1862 1992 1955 2050 jam
1986 1997 2170 2050 possent
2201 1996 2245 2036 in
2277 1994 2450 2037 homine
2481 1996 2582 2037 vivo
2615 1997 2735 2037 cerni
2777 1997 2945 2052 omnia,
2976 2009 3087 2052 quae

1705 2075 1822 2105 nunc
1866 2066 1984 2106 tecta
2030 2066 2146 2120 sunt,
2179 2076 2426 2106 casurusne
2472 2065 2513 2106 in
2557 2069 2842 2125 conspectum
2885 2066 3088 2111 videatur

1704 2133 1890 2188 animus,
1921 2145 1976 2175 an
2017 2135 2138 2175 tanta
2182 2135 2243 2175 sit
2281 2133 2381 2190 ejus
2424 2135 2631 2190 tenuitaS,
2663 2137 2711 2176 ut
2740 2134 2884 2191 fugiat
2911 2131 3087 2178 aciem?

1702 2200 1901 2245 Mentem
1931 2206 2073 2245 autem
2105 2202 2309 2260 hominis,
2341 2205 2538 2260 quamvis
2585 2216 2680 2246 eam
2710 2217 2809 2246 non
2828 2203 3007 2259 videas,
3038 2209 3087 2248 ut

1702 2270 1843 2315 Deum
1873 2284 1958 2315 non
1988 2271 2131 2329 vides,
2163 2275 2347 2341 tamen,
2355 2276 2403 2316 ut
2433 2272 2570 2317 Deum
2602 2274 2814 2331 agnoscis
2846 2287 2903 2317 ex
2933 2275 3085 2331 operi-

1702 2341 1786 2384 bus
1827 2340 1952 2399 ejus,
1993 2342 2059 2385 sic
2109 2355 2166 2385 ex
2210 2344 2442 2412 memoria
2463 2355 2609 2385 rerum
2655 2345 2700 2386 et
2745 2344 2993 2386 inventione
3039 2347 3085 2386 et

1702 2411 1931 2455 celeritate
1970 2416 2113 2455 motus
2154 2414 2354 2470 omnique
2399 2412 2724 2470 pulchritudine
2771 2416 2946 2456 virtutis
2995 2416 3082 2457 vim

1703 2479 1892 2524 divinam
1931 2483 2089 2525 mentis
2120 2484 2366 2539 agnoscito.
2401 2481 2448 2540 ⁸)
2489 2482 2616 2526 Haec
2645 2486 2850 2541 reputent
2877 2485 2977 2540 isti,
3008 2486 3082 2541 qui

1700 2555 1890 2609 negent,
1930 2553 2114 2595 animum
2160 2555 2256 2595 sine
2299 2567 2485 2611 corpore
2536 2568 2587 2597 se
2632 2556 2877 2611 intelligere
2916 2567 3091 2612 posse>

1700 2622 1936 2680 videbunt,
1983 2636 2108 2680 quem
2153 2624 2196 2666 in
2236 2625 2335 2681 ipso
2376 2637 2564 2682 corpore
2608 2625 2865 2682 intelligant.
2956 2623 3082 2669 Milan·

1699 2693 1883 2750 quidem
1928 2697 2154 2735 naturam
2201 2695 2352 2736 animi
2395 2696 2605 2737 intuenti
2647 2694 2793 2736 multo
2836 2692 3083 2751 difficilior

1700 2763 1907 2805 occurrit
1950 2764 2170 2819 coyitatio
2208 2763 2445 2821 multoque
2484 2763 2746 2820 obscurior,
2775 2755 2934 2821 qualis
2963 2765 3080 2807 ani-

1698 2826 1805 2875 r'nus
1844 2831 2056 2875 coelestis
2095 2847 2157 2875 ea·
2200 2833 2430 2876 altissimo
2469 2832 2697 2876 domicilio
2737 2833 2991 2889 depressus
3035 2838 3082 2877 et

1699 2904 1839 2960 quasi
1876 2903 2119 2948 demersus
2158 2905 2210 2946 in
2256 2907 2444 2959 terram,
2474 2903 2623 2946 locum
2653 2903 2843 2946 divinae
2873 2907 3081 2947 naturae

1698 2974 2062 3029 aeternitatique
2091 2975 2407 3028 contrarium,
2440 2971 2486 3028 ⁴¹)
2533 2973 2584 3015 in
2623 2985 2817 3028 corpore
2855 2975 2925 3018 eit
2953 2977 3079 3016 tam-

1697 3053 1836 3099 quam
1865 3041 2051 3087 alienae
2080 3041 2218 3099 domi,
2249 3053 2386 3100 quam
2425 3039 2606 3101 qualis,
2636 3054 2781 3100 quum
2820 3042 2998 3089 exterit
3035 3045 3082 3089 et

1696 3113 1749 3156 in
1787 3110 1987 3156 liberum
2027 3110 2203 3156 coelum
2241 3112 2379 3170 quasi
2417 3110 2602 3156 domum
2632 3125 2772 3158 suam
2800 3112 2997 3161 venerit.
3032 3110 3078 3170 ⁸)

1722 3406 1752 3453 ¹)
1778 3407 1916 3442 Consol.
1941 3418 2018 3453 pag·-
2042 3406 2115 3443 570
2136 3409 2168 3444 b.

1718 3467 1752 3512 ²)
1778 3467 1881 3502 Cous.
1907 3478 1986 3511 pag.
2012 3468 2076 3502 571
2105 3480 2137 3503 a.

1717 3526 1751 3573 ³)
1775 3528 1880 3561 Tusc.
1905 3528 1931 3571 1,
1958 3527 2013 3569 22,
2039 3527 2084 3561 50
2110 3531 2144 3561 et
2170 3527 2200 3573 1,
2225 3528 2282 3574 28,
2307 3529 2364 3569 70.

1719 3587 1752 3632 ⁴)
1777 3587 1861 3621 Cato
1887 3588 1965 3629 maj.
1990 3587 2047 3629 21,
2073 3588 2128 3621 77.

1662 3666 1667 3670 -
1718 3647 1751 3692 ⁵)
1776 3648 1880 3681 Tusc.
1906 3648 1931 3690 1,
1957 3647 2014 3691 22,
2041 3647 2096 3682 51,
